{
  "id": "gen9ou-2359094660",
  "format": "[Gen 9] OU",
  "players": [
    "kiritogamer77",
    "PrettyBoyRosh"
  ],
  "pre_battle": [
    "|player|p1|kiritogamer77|cynthia|1113",
    "|player|p2|PrettyBoyRosh|266|1138",
    "|teamsize|p1|6",
    "|teamsize|p2|6",
    "|gen|9",
    "|tier|[Gen 9] OU",
    "|clearpoke",
    "|teampreview",
    "|",
    "|start",
    "|switch|p1a: Landorus|Landorus-Therian, M|100/100",
    "|switch|p2a: Ribombee|Ribombee, F|100/100",
    "|-ability|p1a: Landorus|Intimidate|boost",
    "|-unboost|p2a: Ribombee|atk|1",
    "|player|p2|"
  ],
  "turns": {
    "1": [
      "|",
      "|move|p2a: Ribombee|Stun Spore|p1a: Landorus|[miss]",
      "|-miss|p2a: Ribombee|p1a: Landorus",
      "|move|p1a: Landorus|Stone Edge|p2a: Ribombee",
      "|-supereffective|p2a: Ribombee",
      "|-enditem|p2a: Ribombee|Focus Sash",
      "|-damage|p2a: Ribombee|1/100",
      "|",
      "|upkeep"
    ],
    "2": [
      "|",
      "|move|p2a: Ribombee|Sticky Web|p1a: Landorus",
      "|-sidestart|p1: kiritogamer77|move: Sticky Web",
      "|move|p1a: Landorus|Stealth Rock|p2a: Ribombee",
      "|-sidestart|p2: PrettyBoyRosh|move: Stealth Rock",
      "|",
      "|upkeep"
    ],
    "3": [
      "|",
      "|switch|p2a: Blastoise|Blastoise, F|100/100",
      "|-damage|p2a: Blastoise|88/100|[from] Stealth Rock",
      "|move|p1a: Landorus|Earthquake|p2a: Blastoise",
      "|-damage|p2a: Blastoise|22/100",
      "|",
      "|upkeep"
    ],
    "4": [
      "|",
      "|move|p1a: Landorus|Earthquake|p2a: Blastoise",
      "|-damage|p2a: Blastoise|0 fnt",
      "|faint|p2a: Blastoise",
      "|",
      "|upkeep",
      "|",
      "|switch|p2a: Ursaluna|Ursaluna, F|100/100",
      "|-damage|p2a: Ursaluna|94/100|[from] Stealth Rock"
    ],
    "5": [
      "|",
      "|move|p1a: Landorus|U-turn|p2a: Ursaluna",
      "|-damage|p2a: Ursaluna|76/100",
      "|",
      "|switch|p1a: Zapdos|Zapdos|100/100|[from] U-turn",
      "|move|p2a: Ursaluna|Swords Dance|p2a: Ursaluna",
      "|-boost|p2a: Ursaluna|atk|2",
      "|",
      "|-status|p2a: Ursaluna|brn|[from] item: Flame Orb",
      "|upkeep"
    ],
    "6": [
      "|",
      "|move|p1a: Zapdos|Tailwind|p1a: Zapdos",
      "|-sidestart|p1: kiritogamer77|move: Tailwind",
      "|move|p2a: Ursaluna|Facade|p1a: Zapdos",
      "|-damage|p1a: Zapdos|0 fnt",
      "|faint|p1a: Zapdos",
      "|",
      "|-damage|p2a: Ursaluna|70/100 brn|[from] brn",
      "|upkeep",
      "|",
      "|switch|p1a: Primarina|Primarina, F|100/100",
      "|-activate|p1a: Primarina|move: Sticky Web",
      "|-unboost|p1a: Primarina|spe|1"
    ],
    "7": [
      "|",
      "|move|p1a: Primarina|Alluring Voice|p2a: Ursaluna",
      "|-supereffective|p2a: Ursaluna",
      "|-damage|p2a: Ursaluna|0 fnt",
      "|faint|p2a: Ursaluna",
      "|",
      "|upkeep",
      "|",
      "|switch|p2a: Ribombee|Ribombee, F|1/100",
      "|-damage|p2a: Ribombee|0 fnt|[from] Stealth Rock",
      "|faint|p2a: Ribombee",
      "|",
      "|switch|p2a: Kingambit|Kingambit, F|100/100",
      "|-damage|p2a: Kingambit|94/100|[from] Stealth Rock",
      "|-activate|p2a: Kingambit|ability: Supreme Overlord",
      "|-start|p2a: Kingambit|fallen3|[silent]"
    ],
    "8": [
      "|",
      "|switch|p1a: Landorus|Landorus-Therian, M|100/100",
      "|-ability|p1a: Landorus|Intimidate|boost",
      "|-unboost|p2a: Kingambit|atk|1",
      "|move|p2a: Kingambit|Iron Head|p1a: Landorus",
      "|-damage|p1a: Landorus|48/100",
      "|-damage|p2a: Kingambit|78/100|[from] item: Rocky Helmet|[of] p1a: Landorus",
      "|",
      "|upkeep"
    ],
    "9": [
      "|",
      "|-end|p2a: Kingambit|fallen3|[silent]",
      "|switch|p2a: Thundurus|Thundurus-Therian, M|100/100",
      "|move|p1a: Landorus|Stone Edge|p2a: Thundurus|[miss]",
      "|-miss|p1a: Landorus|p2a: Thundurus",
      "|",
      "|-sideend|p1: kiritogamer77|move: Tailwind",
      "|upkeep"
    ],
    "10": [
      "|",
      "|-terastallize|p2a: Thundurus|Ice",
      "|move|p2a: Thundurus|Tera Blast|p1a: Landorus|[anim] Tera Blast Ice",
      "|-supereffective|p1a: Landorus",
      "|-damage|p1a: Landorus|0 fnt",
      "|faint|p1a: Landorus",
      "|",
      "|upkeep",
      "|",
      "|switch|p1a: Dragonite|Dragonite, F|100/100"
    ],
    "11": [
      "|",
      "|-terastallize|p1a: Dragonite|Normal",
      "|move|p2a: Thundurus|Nasty Plot|p2a: Thundurus",
      "|-boost|p2a: Thundurus|spa|2",
      "|move|p1a: Dragonite|Dragon Dance|p1a: Dragonite",
      "|-boost|p1a: Dragonite|atk|1",
      "|-boost|p1a: Dragonite|spe|1",
      "|",
      "|upkeep"
    ],
    "12": [
      "|",
      "|move|p1a: Dragonite|Extreme Speed|p2a: Thundurus",
      "|-damage|p2a: Thundurus|0 fnt",
      "|faint|p2a: Thundurus",
      "|",
      "|upkeep",
      "|",
      "|switch|p2a: Arcanine|Arcanine-Hisui, F|100/100",
      "|-damage|p2a: Arcanine|76/100|[from] Stealth Rock"
    ],
    "13": [
      "|",
      "|move|p1a: Dragonite|Earthquake|p2a: Arcanine",
      "|-supereffective|p2a: Arcanine",
      "|-damage|p2a: Arcanine|0 fnt",
      "|faint|p2a: Arcanine",
      "|",
      "|upkeep",
      "|",
      "|switch|p2a: Kingambit|Kingambit, F|78/100",
      "|-damage|p2a: Kingambit|72/100|[from] Stealth Rock",
      "|-activate|p2a: Kingambit|ability: Supreme Overlord",
      "|-start|p2a: Kingambit|fallen5|[silent]"
    ],
    "14": [
      "|",
      "|move|p2a: Kingambit|Sucker Punch|p1a: Dragonite",
      "|-damage|p1a: Dragonite|63/100",
      "|move|p1a: Dragonite|Earthquake|p2a: Kingambit",
      "|-supereffective|p2a: Kingambit",
      "|-damage|p2a: Kingambit|0 fnt",
      "|faint|p2a: Kingambit",
      "|-end|p2a: Kingambit|fallen5|[silent]",
      "|",
      "|win|kiritogamer77"
    ]
  }
}