{
  "id": "gen9ou-2359085363",
  "format": "[Gen 9] OU",
  "players": [
    "raijaxxx",
    "Kikyos Light"
  ],
  "pre_battle": [
    "|player|p1|raijaxxx|169|1363",
    "|player|p2|Kikyos Light|101|1401",
    "|teamsize|p1|6",
    "|teamsize|p2|6",
    "|gen|9",
    "|tier|[Gen 9] OU",
    "|clearpoke",
    "|teampreview",
    "|",
    "|start",
    "|switch|p1a: Torkoal|Torkoal, F, shiny|100/100",
    "|switch|p2a: Dragapult|Dragapult, F|100/100",
    "|-weather|SunnyDay|[from] ability: Drought|[of] p1a: Torkoal",
    "|player|p1|"
  ],
  "turns": {
    "1": [
      "|",
      "|switch|p1a: Samurott|Samurott-Hisui, F|100/100",
      "|move|p2a: Dragapult|Draco Meteor|p1a: Samurott",
      "|-damage|p1a: Samurott|0 fnt",
      "|-unboost|p2a: Dragapult|spa|2",
      "|faint|p1a: Samurott",
      "|",
      "|-weather|SunnyDay|[upkeep]",
      "|upkeep",
      "|",
      "|switch|p1a: Lilligant|Lilligant-Hisui, F|100/100"
    ],
    "2": [
      "|",
      "|switch|p2a: Grafaiai|Grafaiai, M|100/100",
      "|move|p1a: Lilligant|Growth|p1a: Lilligant",
      "|-boost|p1a: Lilligant|atk|2",
      "|-boost|p1a: Lilligant|spa|2",
      "|",
      "|-weather|SunnyDay|[upkeep]",
      "|upkeep"
    ],
    "3": [
      "|",
      "|move|p2a: Grafaiai|Encore|p1a: Lilligant",
      "|-start|p1a: Lilligant|Encore",
      "|move|p1a: Lilligant|Growth|p1a: Lilligant",
      "|-boost|p1a: Lilligant|atk|2",
      "|-boost|p1a: Lilligant|spa|2",
      "|",
      "|-weather|SunnyDay|[upkeep]",
      "|upkeep"
    ],
    "4": [
      "|",
      "|switch|p1a: Cinderace|Cinderace, M|100/100",
      "|move|p2a: Grafaiai|Super Fang|p1a: Cinderace",
      "|-damage|p1a: Cinderace|51/100",
      "|",
      "|-weather|SunnyDay|[upkeep]",
      "|upkeep"
    ],
    "5": [
      "|",
      "|move|p2a: Grafaiai|Parting Shot|p1a: Cinderace",
      "|-unboost|p1a: Cinderace|atk|1",
      "|-unboost|p1a: Cinderace|spa|1",
      "|",
      "|switch|p2a: Tornadus|Tornadus-Therian, M|100/100|[from] Parting Shot",
      "|move|p1a: Cinderace|Pyro Ball|p2a: Tornadus",
      "|-damage|p2a: Tornadus|22/100",
      "|-damage|p1a: Cinderace|41/100|[from] item: Life Orb",
      "|",
      "|-weather|SunnyDay|[upkeep]",
      "|upkeep"
    ],
    "6": [
      "|",
      "|switch|p2a: Dragapult|Dragapult, F|100/100",
      "|move|p1a: Cinderace|Sucker Punch||[still]",
      "|-fail|p1a: Cinderace",
      "|",
      "|-weather|SunnyDay|[upkeep]",
      "|upkeep"
    ],
    "7": [
      "|",
      "|switch|p1a: Clefable|Clefable, M|100/100",
      "|move|p2a: Dragapult|Shadow Ball|p1a: Clefable",
      "|-damage|p1a: Clefable|51/100",
      "|-unboost|p1a: Clefable|spd|1",
      "|",
      "|-weather|SunnyDay|[upkeep]",
      "|-heal|p1a: Clefable|57/100|[from] item: Leftovers",
      "|upkeep"
    ],
    "8": [
      "|",
      "|move|p2a: Dragapult|Shadow Ball|p1a: Clefable",
      "|-damage|p1a: Clefable|0 fnt",
      "|faint|p1a: Clefable",
      "|",
      "|-weather|none",
      "|upkeep",
      "|",
      "|switch|p1a: Torkoal|Torkoal, F, shiny|100/100",
      "|-weather|SunnyDay|[from] ability: Drought|[of] p1a: Torkoal"
    ],
    "9": [
      "|",
      "|switch|p1a: Cinderace|Cinderace, M|41/100",
      "|move|p2a: Dragapult|Shadow Ball|p1a: Cinderace",
      "|-damage|p1a: Cinderace|0 fnt",
      "|faint|p1a: Cinderace",
      "|",
      "|-weather|SunnyDay|[upkeep]",
      "|upkeep",
      "|",
      "|switch|p1a: Walking Wake|Walking Wake|100/100",
      "|-activate|p1a: Walking Wake|ability: Protosynthesis",
      "|-start|p1a: Walking Wake|protosynthesisspe"
    ],
    "10": [
      "|",
      "|switch|p2a: Gardevoir|Gardevoir, M|100/100",
      "|-terastallize|p1a: Walking Wake|Water",
      "|move|p1a: Walking Wake|Hydro Steam|p2a: Gardevoir",
      "|-damage|p2a: Gardevoir|0 fnt",
      "|faint|p2a: Gardevoir",
      "|",
      "|-weather|SunnyDay|[upkeep]",
      "|upkeep",
      "|",
      "|switch|p2a: Grafaiai|Grafaiai, M|100/100"
    ],
    "11": [
      "|",
      "|move|p2a: Grafaiai|Parting Shot|p1a: Walking Wake",
      "|-unboost|p1a: Walking Wake|atk|1",
      "|-unboost|p1a: Walking Wake|spa|1",
      "|",
      "|switch|p2a: Iron Crown|Iron Crown|100/100|[from] Parting Shot",
      "|move|p1a: Walking Wake|Hydro Steam|p2a: Iron Crown",
      "|-damage|p2a: Iron Crown|48/100",
      "|",
      "|-weather|SunnyDay|[upkeep]",
      "|upkeep"
    ],
    "12": [
      "|",
      "|move|p1a: Walking Wake|Hydro Steam|p2a: Iron Crown",
      "|-damage|p2a: Iron Crown|0 fnt",
      "|faint|p2a: Iron Crown",
      "|-end|p2a: Iron Crown|Quark Drive|[silent]",
      "|",
      "|-weather|SunnyDay|[upkeep]",
      "|upkeep",
      "|",
      "|switch|p2a: Dragapult|Dragapult, F|100/100"
    ],
    "13": [
      "|",
      "|-end|p1a: Walking Wake|Protosynthesis|[silent]",
      "|switch|p1a: Lilligant|Lilligant-Hisui, F|100/100",
      "|-terastallize|p2a: Dragapult|Ghost",
      "|move|p2a: Dragapult|Shadow Ball|p1a: Lilligant",
      "|-enditem|p1a: Lilligant|Focus Sash",
      "|-damage|p1a: Lilligant|1/100",
      "|-unboost|p1a: Lilligant|spd|1",
      "|",
      "|-weather|SunnyDay|[upkeep]",
      "|upkeep"
    ],
    "14": [
      "|",
      "|switch|p2a: Tornadus|Tornadus-Therian, M|55/100",
      "|move|p1a: Lilligant|Solar Blade||[still]",
      "|-prepare|p1a: Lilligant|Solar Blade",
      "|-anim|p1a: Lilligant|Solar Blade|p2a: Tornadus",
      "|-resisted|p2a: Tornadus",
      "|-damage|p2a: Tornadus|19/100",
      "|",
      "|-weather|SunnyDay|[upkeep]",
      "|upkeep"
    ],
    "15": [
      "|",
      "|move|p1a: Lilligant|Solar Blade||[still]",
      "|-prepare|p1a: Lilligant|Solar Blade",
      "|-anim|p1a: Lilligant|Solar Blade|p2a: Tornadus",
      "|-resisted|p2a: Tornadus",
      "|-damage|p2a: Tornadus|0 fnt",
      "|faint|p2a: Tornadus",
      "|",
      "|-weather|SunnyDay|[upkeep]",
      "|upkeep",
      "|",
      "|switch|p2a: Grafaiai|Grafaiai, M|100/100"
    ],
    "16": [
      "|",
      "|move|p2a: Grafaiai|Parting Shot|p1a: Lilligant",
      "|-unboost|p1a: Lilligant|atk|1",
      "|-unboost|p1a: Lilligant|spa|1",
      "|",
      "|switch|p2a: Iron Treads|Iron Treads|100/100|[from] Parting Shot",
      "|move|p1a: Lilligant|Close Combat|p2a: Iron Treads",
      "|-supereffective|p2a: Iron Treads",
      "|-damage|p2a: Iron Treads|27/100",
      "|-unboost|p1a: Lilligant|def|1",
      "|-unboost|p1a: Lilligant|spd|1",
      "|",
      "|-weather|none",
      "|upkeep"
    ],
    "17": [
      "|",
      "|switch|p1a: Torkoal|Torkoal, F, shiny|100/100",
      "|-weather|SunnyDay|[from] ability: Drought|[of] p1a: Torkoal",
      "|move|p2a: Iron Treads|Rapid Spin|p1a: Torkoal",
      "|-damage|p1a: Torkoal|92/100",
      "|-boost|p2a: Iron Treads|spe|1",
      "|",
      "|-weather|SunnyDay|[upkeep]",
      "|upkeep"
    ],
    "18": [
      "|",
      "|move|p2a: Iron Treads|Stealth Rock|p1a: Torkoal",
      "|-sidestart|p1: raijaxxx|move: Stealth Rock",
      "|move|p1a: Torkoal|Overheat|p2a: Iron Treads",
      "|-supereffective|p2a: Iron Treads",
      "|-damage|p2a: Iron Treads|0 fnt",
      "|-unboost|p1a: Torkoal|spa|2",
      "|faint|p2a: Iron Treads",
      "|-end|p2a: Iron Treads|Quark Drive|[silent]",
      "|",
      "|-weather|SunnyDay|[upkeep]",
      "|upkeep",
      "|",
      "|switch|p2a: Grafaiai|Grafaiai, M|100/100"
    ],
    "19": [
      "|",
      "|move|p2a: Grafaiai|Encore|p1a: Torkoal",
      "|-start|p1a: Torkoal|Encore",
      "|move|p1a: Torkoal|Overheat|p2a: Grafaiai",
      "|-damage|p2a: Grafaiai|72/100",
      "|-unboost|p1a: Torkoal|spa|2",
      "|",
      "|-weather|SunnyDay|[upkeep]",
      "|upkeep"
    ],
    "20": [
      "|",
      "|switch|p1a: Walking Wake|Walking Wake, tera:Water|100/100",
      "|-damage|p1a: Walking Wake|88/100|[from] Stealth Rock",
      "|-activate|p1a: Walking Wake|ability: Protosynthesis",
      "|-start|p1a: Walking Wake|protosynthesisspe",
      "|move|p2a: Grafaiai|Super Fang|p1a: Walking Wake",
      "|-damage|p1a: Walking Wake|44/100",
      "|",
      "|-weather|SunnyDay|[upkeep]",
      "|upkeep"
    ],
    "21": [
      "|",
      "|move|p2a: Grafaiai|Switcheroo|p1a: Walking Wake",
      "|-activate|p2a: Grafaiai|move: Trick|[of] p1a: Walking Wake",
      "|-item|p1a: Walking Wake|Lagging Tail|[from] move: Switcheroo",
      "|-item|p2a: Grafaiai|Choice Specs|[from] move: Switcheroo",
      "|move|p1a: Walking Wake|Hydro Steam|p2a: Grafaiai",
      "|-damage|p2a: Grafaiai|0 fnt",
      "|faint|p2a: Grafaiai",
      "|",
      "|-weather|SunnyDay|[upkeep]",
      "|upkeep",
      "|",
      "|switch|p2a: Dragapult|Dragapult, F, tera:Ghost|100/100"
    ],
    "22": [
      "|",
      "|move|p2a: Dragapult|Shadow Ball|p1a: Walking Wake",
      "|-damage|p1a: Walking Wake|0 fnt",
      "|faint|p1a: Walking Wake",
      "|-end|p1a: Walking Wake|Protosynthesis|[silent]",
      "|",
      "|-weather|SunnyDay|[upkeep]",
      "|upkeep",
      "|",
      "|switch|p1a: Torkoal|Torkoal, F, shiny|92/100",
      "|-damage|p1a: Torkoal|67/100|[from] Stealth Rock"
    ],
    "23": [
      "|",
      "|move|p2a: Dragapult|Shadow Ball|p1a: Torkoal",
      "|-damage|p1a: Torkoal|0 fnt",
      "|faint|p1a: Torkoal",
      "|",
      "|-weather|SunnyDay|[upkeep]",
      "|upkeep",
      "|-message|raijaxxx forfeited.",
      "|",
      "|win|Kikyos Light"
    ]
  }
}