{
  "id": "gen9ou-2359081675",
  "format": "[Gen 9] OU",
  "players": [
    "4kazter",
    "fck_yellow_magic"
  ],
  "pre_battle": [
    "|player|p1|4kazter|101|1668",
    "|player|p2|fck_yellow_magic|clown|1670",
    "|teamsize|p1|6",
    "|teamsize|p2|6",
    "|gen|9",
    "|tier|[Gen 9] OU",
    "|clearpoke",
    "|teampreview",
    "|",
    "|start",
    "|switch|p1a: Indeedee|Indeedee, M|100/100",
    "|switch|p2a: Dragonite|Dragonite, M, shiny|100/100",
    "|-fieldstart|move: Psychic Terrain|[from] ability: Psychic Surge|[of] p1a: Indeedee",
    "|player|p1|"
  ],
  "turns": {
    "1": [
      "|",
      "|move|p1a: Indeedee|Expanding Force|p2a: Dragonite",
      "|-damage|p2a: Dragonite|65/100",
      "|move|p2a: Dragonite|Dragon Dance|p2a: Dragonite",
      "|-boost|p2a: Dragonite|atk|1",
      "|-boost|p2a: Dragonite|spe|1",
      "|",
      "|upkeep"
    ],
    "2": [
      "|",
      "|switch|p1a: Iron Crown|Iron Crown|100/100",
      "|-enditem|p1a: Iron Crown|Booster Energy",
      "|-activate|p1a: Iron Crown|ability: Quark Drive|[fromitem]",
      "|-start|p1a: Iron Crown|quarkdrivespe",
      "|move|p2a: Dragonite|Earthquake|p1a: Iron Crown",
      "|-supereffective|p1a: Iron Crown",
      "|-damage|p1a: Iron Crown|0 fnt",
      "|faint|p1a: Iron Crown",
      "|-end|p1a: Iron Crown|Quark Drive|[silent]",
      "|",
      "|upkeep",
      "|",
      "|switch|p1a: Slowking|Slowking-Galar, F|100/100"
    ],
    "3": [
      "|",
      "|-terastallize|p1a: Slowking|Psychic",
      "|move|p2a: Dragonite|Earthquake|p1a: Slowking",
      "|-damage|p1a: Slowking|44/100",
      "|move|p1a: Slowking|Trick Room|p1a: Slowking",
      "|-fieldstart|move: Trick Room|[of] p1a: Slowking",
      "|",
      "|upkeep"
    ],
    "4": [
      "|",
      "|move|p2a: Dragonite|Extreme Speed|p1a: Slowking",
      "|-activate|p1a: Slowking|move: Psychic Terrain",
      "|move|p1a: Slowking|Expanding Force|p2a: Dragonite",
      "|-damage|p2a: Dragonite|0 fnt",
      "|faint|p2a: Dragonite",
      "|-damage|p1a: Slowking|34/100|[from] item: Life Orb",
      "|",
      "|upkeep",
      "|",
      "|switch|p2a: Skarmory|Skarmory, F|100/100"
    ],
    "5": [
      "|",
      "|move|p1a: Slowking|Fire Blast|p2a: Skarmory",
      "|-supereffective|p2a: Skarmory",
      "|-ability|p2a: Skarmory|Sturdy",
      "|-damage|p2a: Skarmory|1/100",
      "|-damage|p1a: Slowking|24/100|[from] item: Life Orb",
      "|move|p2a: Skarmory|Whirlwind|p1a: Slowking",
      "|drag|p1a: Kyurem|Kyurem|100/100",
      "|-ability|p1a: Kyurem|Pressure",
      "|",
      "|-heal|p2a: Skarmory|7/100|[from] item: Leftovers",
      "|upkeep"
    ],
    "6": [
      "|",
      "|switch|p1a: Slowking|Slowking-Galar, F, tera:Psychic|58/100",
      "|move|p2a: Skarmory|Spikes|p1a: Slowking",
      "|-sidestart|p1: 4kazter|Spikes",
      "|",
      "|-heal|p2a: Skarmory|13/100|[from] item: Leftovers",
      "|upkeep"
    ],
    "7": [
      "|",
      "|move|p1a: Slowking|Expanding Force|p2a: Skarmory",
      "|-resisted|p2a: Skarmory",
      "|-damage|p2a: Skarmory|0 fnt",
      "|faint|p2a: Skarmory",
      "|-damage|p1a: Slowking|48/100|[from] item: Life Orb",
      "|",
      "|-fieldend|move: Trick Room",
      "|upkeep",
      "|",
      "|switch|p2a: Enamorus|Enamorus, F|100/100"
    ],
    "8": [
      "|",
      "|switch|p1a: Haxorus|Haxorus, F|100/100",
      "|-damage|p1a: Haxorus|88/100|[from] Spikes",
      "|-ability|p1a: Haxorus|Mold Breaker",
      "|move|p2a: Enamorus|Moonblast|p1a: Haxorus",
      "|-supereffective|p1a: Haxorus",
      "|-damage|p1a: Haxorus|0 fnt",
      "|faint|p1a: Haxorus",
      "|",
      "|-fieldend|move: Psychic Terrain",
      "|upkeep",
      "|",
      "|switch|p1a: Slowking|Slowking-Galar, F, tera:Psychic|81/100",
      "|-damage|p1a: Slowking|69/100|[from] Spikes"
    ],
    "9": [
      "|",
      "|move|p2a: Enamorus|Moonblast|p1a: Slowking",
      "|-damage|p1a: Slowking|30/100",
      "|move|p1a: Slowking|Trick Room|p1a: Slowking",
      "|-fieldstart|move: Trick Room|[of] p1a: Slowking",
      "|",
      "|upkeep"
    ],
    "10": [
      "|",
      "|switch|p1a: Indeedee|Indeedee, M|100/100",
      "|-damage|p1a: Indeedee|88/100|[from] Spikes",
      "|-fieldstart|move: Psychic Terrain|[from] ability: Psychic Surge|[of] p1a: Indeedee",
      "|switch|p2a: Sinistcha|Sinistcha|100/100",
      "|",
      "|upkeep"
    ],
    "11": [
      "|",
      "|move|p2a: Sinistcha|Matcha Gotcha|p1a: Indeedee",
      "|-damage|p1a: Indeedee|45/100",
      "|move|p1a: Indeedee|Expanding Force|p2a: Sinistcha",
      "|-damage|p2a: Sinistcha|19/100",
      "|",
      "|upkeep"
    ],
    "12": [
      "|",
      "|move|p2a: Sinistcha|Matcha Gotcha|p1a: Indeedee",
      "|-damage|p1a: Indeedee|0 fnt",
      "|-heal|p2a: Sinistcha|36/100|[from] drain|[of] p1a: Indeedee",
      "|faint|p1a: Indeedee",
      "|",
      "|upkeep",
      "|",
      "|switch|p1a: Slowking|Slowking-Galar, F, tera:Psychic|63/100",
      "|-damage|p1a: Slowking|51/100|[from] Spikes"
    ],
    "13": [
      "|",
      "|move|p1a: Slowking|Expanding Force|p2a: Sinistcha",
      "|-damage|p2a: Sinistcha|0 fnt",
      "|faint|p2a: Sinistcha",
      "|-damage|p1a: Slowking|41/100|[from] item: Life Orb",
      "|",
      "|-fieldend|move: Trick Room",
      "|upkeep",
      "|",
      "|switch|p2a: Enamorus|Enamorus, F|100/100"
    ],
    "14": [
      "|",
      "|switch|p1a: Hoopa|Hoopa-Unbound|100/100",
      "|-damage|p1a: Hoopa|88/100|[from] Spikes",
      "|move|p2a: Enamorus|Moonblast|p1a: Hoopa",
      "|-supereffective|p1a: Hoopa",
      "|-damage|p1a: Hoopa|15/100",
      "|",
      "|upkeep"
    ],
    "15": [
      "|",
      "|move|p2a: Enamorus|Moonblast|p1a: Hoopa",
      "|-supereffective|p1a: Hoopa",
      "|-damage|p1a: Hoopa|0 fnt",
      "|faint|p1a: Hoopa",
      "|",
      "|upkeep",
      "|",
      "|switch|p1a: Slowking|Slowking-Galar, F, tera:Psychic|74/100",
      "|-damage|p1a: Slowking|62/100|[from] Spikes"
    ],
    "16": [
      "|",
      "|move|p2a: Enamorus|Moonblast|p1a: Slowking",
      "|-crit|p1a: Slowking",
      "|-damage|p1a: Slowking|0 fnt",
      "|faint|p1a: Slowking",
      "|",
      "|upkeep",
      "|-message|4kazter forfeited.",
      "|",
      "|win|fck_yellow_magic"
    ]
  }
}