{
  "id": "gen9ou-2359091674",
  "format": "[Gen 9] OU",
  "players": [
    "showwww",
    "Manjka"
  ],
  "pre_battle": [
    "|player|p1|showwww|shadowtriad|1104",
    "|player|p2|Manjka|2|1085",
    "|teamsize|p1|6",
    "|teamsize|p2|6",
    "|gen|9",
    "|tier|[Gen 9] OU",
    "|clearpoke",
    "|teampreview",
    "|",
    "|start",
    "|switch|p1a: Lloron|Pelipper, M, shiny|100/100",
    "|switch|p2a: Pikachu|Pikachu-Original, M|100/100",
    "|-weather|RainDance|[from] ability: Drizzle|[of] p1a: Lloron",
    "|player|p1|",
    "|player|p2|"
  ],
  "turns": {
    "1": [
      "|",
      "|switch|p1a: Chispitas|Lanturn, F, shiny|100/100",
      "|move|p2a: Pikachu|Thunderbolt|p1a: Chispitas",
      "|-immune|p1a: Chispitas|[from] ability: Volt Absorb",
      "|",
      "|-weather|RainDance|[upkeep]",
      "|upkeep"
    ],
    "2": [
      "|",
      "|move|p2a: Pikachu|Surf|p1a: Chispitas",
      "|-resisted|p1a: Chispitas",
      "|-damage|p1a: Chispitas|85/100",
      "|move|p1a: Chispitas|Muddy Water|p2a: Pikachu",
      "|-damage|p2a: Pikachu|0 fnt",
      "|faint|p2a: Pikachu",
      "|",
      "|-weather|RainDance|[upkeep]",
      "|upkeep",
      "|",
      "|switch|p2a: Latias|Latias, F|100/100"
    ],
    "3": [
      "|",
      "|move|p2a: Latias|Agility|p2a: Latias",
      "|-boost|p2a: Latias|spe|2",
      "|move|p1a: Chispitas|Thunder|p2a: Latias",
      "|-resisted|p2a: Latias",
      "|-damage|p2a: Latias|87/100",
      "|",
      "|-weather|RainDance|[upkeep]",
      "|-heal|p2a: Latias|93/100|[from] item: Leftovers",
      "|upkeep"
    ],
    "4": [
      "|",
      "|move|p2a: Latias|Calm Mind|p2a: Latias",
      "|-boost|p2a: Latias|spa|1",
      "|-boost|p2a: Latias|spd|1",
      "|move|p1a: Chispitas|Thunder|p2a: Latias",
      "|-resisted|p2a: Latias",
      "|-damage|p2a: Latias|83/100",
      "|",
      "|-weather|RainDance|[upkeep]",
      "|-heal|p2a: Latias|89/100|[from] item: Leftovers",
      "|upkeep"
    ],
    "5": [
      "|",
      "|move|p2a: Latias|Calm Mind|p2a: Latias",
      "|-boost|p2a: Latias|spa|1",
      "|-boost|p2a: Latias|spd|1",
      "|move|p1a: Chispitas|Thunder|p2a: Latias",
      "|-resisted|p2a: Latias",
      "|-damage|p2a: Latias|82/100",
      "|-status|p2a: Latias|par",
      "|",
      "|-weather|RainDance|[upkeep]",
      "|-heal|p2a: Latias|88/100 par|[from] item: Leftovers",
      "|upkeep"
    ],
    "6": [
      "|",
      "|move|p2a: Latias|Agility|p2a: Latias",
      "|-boost|p2a: Latias|spe|2",
      "|move|p1a: Chispitas|Ice Beam|p2a: Latias",
      "|-supereffective|p2a: Latias",
      "|-damage|p2a: Latias|72/100 par",
      "|",
      "|-weather|RainDance|[upkeep]",
      "|-heal|p2a: Latias|78/100 par|[from] item: Leftovers",
      "|upkeep"
    ],
    "7": [
      "|",
      "|cant|p2a: Latias|par",
      "|move|p1a: Chispitas|Ice Beam|p2a: Latias",
      "|-supereffective|p2a: Latias",
      "|-damage|p2a: Latias|60/100 par",
      "|",
      "|-weather|RainDance|[upkeep]",
      "|-heal|p2a: Latias|66/100 par|[from] item: Leftovers",
      "|upkeep"
    ],
    "8": [
      "|",
      "|cant|p2a: Latias|par",
      "|move|p1a: Chispitas|Ice Beam|p2a: Latias",
      "|-supereffective|p2a: Latias",
      "|-damage|p2a: Latias|50/100 par",
      "|",
      "|-weather|none",
      "|-heal|p2a: Latias|56/100 par|[from] item: Leftovers",
      "|upkeep"
    ],
    "9": [
      "|",
      "|switch|p1a: Lloron|Pelipper, M, shiny|100/100",
      "|-weather|RainDance|[from] ability: Drizzle|[of] p1a: Lloron",
      "|move|p2a: Latias|Recover|p2a: Latias",
      "|-heal|p2a: Latias|100/100 par",
      "|",
      "|-weather|RainDance|[upkeep]",
      "|upkeep"
    ],
    "10": [
      "|",
      "|switch|p1a: Chispitas|Lanturn, F, shiny|85/100",
      "|move|p2a: Latias|Stored Power|p1a: Chispitas",
      "|-damage|p1a: Chispitas|14/100",
      "|",
      "|-weather|RainDance|[upkeep]",
      "|upkeep"
    ],
    "11": [
      "|",
      "|move|p2a: Latias|Calm Mind|p2a: Latias",
      "|-boost|p2a: Latias|spa|1",
      "|-boost|p2a: Latias|spd|1",
      "|move|p1a: Chispitas|Ice Beam|p2a: Latias",
      "|-supereffective|p2a: Latias",
      "|-damage|p2a: Latias|86/100 par",
      "|",
      "|-weather|RainDance|[upkeep]",
      "|-heal|p2a: Latias|92/100 par|[from] item: Leftovers",
      "|upkeep"
    ],
    "12": [
      "|",
      "|move|p2a: Latias|Stored Power|p1a: Chispitas",
      "|-damage|p1a: Chispitas|0 fnt",
      "|faint|p1a: Chispitas",
      "|",
      "|-weather|RainDance|[upkeep]",
      "|-heal|p2a: Latias|98/100 par|[from] item: Leftovers",
      "|upkeep",
      "|",
      "|switch|p1a: Basculegion|Basculegion-F, F, shiny|100/100"
    ],
    "13": [
      "|",
      "|move|p1a: Basculegion|Hydro Pump|p2a: Latias|[miss]",
      "|-miss|p1a: Basculegion|p2a: Latias",
      "|move|p2a: Latias|Stored Power|p1a: Basculegion",
      "|-damage|p1a: Basculegion|0 fnt",
      "|faint|p1a: Basculegion",
      "|",
      "|-weather|RainDance|[upkeep]",
      "|-heal|p2a: Latias|100/100 par|[from] item: Leftovers",
      "|upkeep",
      "|",
      "|switch|p1a: ConchaMagica|Cloyster, F, shiny|100/100"
    ],
    "14": [
      "|",
      "|move|p2a: Latias|Stored Power|p1a: ConchaMagica",
      "|-enditem|p1a: ConchaMagica|Focus Sash",
      "|-damage|p1a: ConchaMagica|1/100",
      "|move|p1a: ConchaMagica|Shell Smash|p1a: ConchaMagica",
      "|-unboost|p1a: ConchaMagica|def|1",
      "|-unboost|p1a: ConchaMagica|spd|1",
      "|-boost|p1a: ConchaMagica|atk|2",
      "|-boost|p1a: ConchaMagica|spa|2",
      "|-boost|p1a: ConchaMagica|spe|2",
      "|",
      "|-weather|RainDance|[upkeep]",
      "|upkeep"
    ],
    "15": [
      "|",
      "|move|p1a: ConchaMagica|Rock Blast|p2a: Latias",
      "|-damage|p2a: Latias|87/100 par",
      "|-damage|p2a: Latias|76/100 par",
      "|-damage|p2a: Latias|62/100 par",
      "|-damage|p2a: Latias|50/100 par",
      "|-damage|p2a: Latias|38/100 par",
      "|-hitcount|p2a: Latias|5",
      "|move|p2a: Latias|Stored Power|p1a: ConchaMagica",
      "|-damage|p1a: ConchaMagica|0 fnt",
      "|faint|p1a: ConchaMagica",
      "|",
      "|-weather|RainDance|[upkeep]",
      "|-heal|p2a: Latias|44/100 par|[from] item: Leftovers",
      "|upkeep",
      "|-message|showwww forfeited.",
      "|",
      "|win|Manjka"
    ]
  }
}