{
  "id": "gen9ou-2359110593",
  "format": "[Gen 9] OU",
  "players": [
    "roddyj",
    "regular accursed"
  ],
  "pre_battle": [
    "|player|p1|roddyj|ethan|1416",
    "|player|p2|regular accursed|pokekidf-gen8|1419",
    "|teamsize|p1|6",
    "|teamsize|p2|6",
    "|gen|9",
    "|tier|[Gen 9] OU",
    "|clearpoke",
    "|teampreview",
    "|",
    "|start",
    "|switch|p1a: Incineroar|Incineroar, M, shiny|100/100",
    "|switch|p2a: Garganacl|Garganacl, F, shiny|100/100",
    "|-ability|p1a: Incineroar|Intimidate|boost",
    "|-unboost|p2a: Garganacl|atk|1",
    "|player|p2|",
    "|player|p1|"
  ],
  "turns": {
    "1": [
      "|",
      "|move|p1a: Incineroar|Knock Off|p2a: Garganacl",
      "|-damage|p2a: Garganacl|76/100",
      "|-enditem|p2a: Garganacl|Custap Berry|[from] move: Knock Off|[of] p1a: Incineroar",
      "|move|p2a: Garganacl|Stealth Rock|p1a: Incineroar",
      "|-sidestart|p1: roddyj|move: Stealth Rock",
      "|",
      "|upkeep"
    ],
    "2": [
      "|",
      "|move|p1a: Incineroar|Parting Shot|p2a: Garganacl",
      "|-unboost|p2a: Garganacl|atk|1",
      "|-unboost|p2a: Garganacl|spa|1",
      "|",
      "|switch|p1a: Weezing|Weezing-Galar, M, shiny|100/100|[from] Parting Shot",
      "|-damage|p1a: Weezing|88/100|[from] Stealth Rock",
      "|move|p2a: Garganacl|Salt Cure|p1a: Weezing",
      "|-damage|p1a: Weezing|82/100",
      "|-start|p1a: Weezing|Salt Cure",
      "|",
      "|-heal|p1a: Weezing|88/100|[from] item: Black Sludge",
      "|-damage|p1a: Weezing|76/100|[from] Salt Cure",
      "|upkeep"
    ],
    "3": [
      "|",
      "|move|p1a: Weezing|Defog|p2a: Garganacl",
      "|-unboost|p2a: Garganacl|evasion|1",
      "|-sideend|p1: roddyj|Stealth Rock|[from] move: Defog|[of] p1a: Weezing",
      "|move|p2a: Garganacl|Stealth Rock|p1a: Weezing",
      "|-sidestart|p1: roddyj|move: Stealth Rock",
      "|",
      "|-heal|p1a: Weezing|82/100|[from] item: Black Sludge",
      "|-damage|p1a: Weezing|70/100|[from] Salt Cure",
      "|upkeep"
    ],
    "4": [
      "|",
      "|move|p1a: Weezing|Acid Spray|p2a: Garganacl",
      "|-resisted|p2a: Garganacl",
      "|-damage|p2a: Garganacl|71/100",
      "|-unboost|p2a: Garganacl|spd|2",
      "|move|p2a: Garganacl|Stealth Rock||[still]",
      "|-fail|p2a: Garganacl",
      "|",
      "|-heal|p1a: Weezing|76/100|[from] item: Black Sludge",
      "|-damage|p1a: Weezing|64/100|[from] Salt Cure",
      "|upkeep"
    ],
    "5": [
      "|",
      "|move|p1a: Weezing|Defog|p2a: Garganacl",
      "|-unboost|p2a: Garganacl|evasion|1",
      "|-sideend|p1: roddyj|Stealth Rock|[from] move: Defog|[of] p1a: Weezing",
      "|move|p2a: Garganacl|Ice Punch|p1a: Weezing",
      "|-damage|p1a: Weezing|55/100",
      "|",
      "|-heal|p1a: Weezing|61/100|[from] item: Black Sludge",
      "|-damage|p1a: Weezing|49/100|[from] Salt Cure",
      "|upkeep"
    ],
    "6": [
      "|",
      "|switch|p1a: Kyurem|Kyurem, shiny|100/100",
      "|-ability|p1a: Kyurem|Pressure",
      "|move|p2a: Garganacl|Stealth Rock|p1a: Kyurem",
      "|-sidestart|p1: roddyj|move: Stealth Rock",
      "|",
      "|upkeep"
    ],
    "7": [
      "|",
      "|move|p1a: Kyurem|Earth Power|p2a: Garganacl",
      "|-supereffective|p2a: Garganacl",
      "|-damage|p2a: Garganacl|0 fnt",
      "|faint|p2a: Garganacl",
      "|",
      "|upkeep",
      "|",
      "|switch|p2a: Slither Wing|Slither Wing, shiny|100/100",
      "|-enditem|p2a: Slither Wing|Booster Energy",
      "|-activate|p2a: Slither Wing|ability: Protosynthesis|[fromitem]",
      "|-start|p2a: Slither Wing|protosynthesisspd"
    ],
    "8": [
      "|",
      "|switch|p1a: Incineroar|Incineroar, M, shiny|100/100",
      "|-ability|p1a: Incineroar|Intimidate|boost",
      "|-unboost|p2a: Slither Wing|atk|1",
      "|move|p2a: Slither Wing|Flame Charge|p1a: Incineroar",
      "|-resisted|p1a: Incineroar",
      "|-damage|p1a: Incineroar|96/100",
      "|-boost|p2a: Slither Wing|spe|1",
      "|",
      "|upkeep"
    ],
    "9": [
      "|",
      "|move|p2a: Slither Wing|Bulk Up|p2a: Slither Wing",
      "|-boost|p2a: Slither Wing|atk|1",
      "|-boost|p2a: Slither Wing|def|1",
      "|move|p1a: Incineroar|Will-O-Wisp|p2a: Slither Wing",
      "|-status|p2a: Slither Wing|brn",
      "|",
      "|-damage|p2a: Slither Wing|94/100 brn|[from] brn",
      "|upkeep"
    ],
    "10": [
      "|",
      "|move|p2a: Slither Wing|Bulk Up|p2a: Slither Wing",
      "|-boost|p2a: Slither Wing|atk|1",
      "|-boost|p2a: Slither Wing|def|1",
      "|move|p1a: Incineroar|Parting Shot|p2a: Slither Wing",
      "|-unboost|p2a: Slither Wing|atk|1",
      "|-unboost|p2a: Slither Wing|spa|1",
      "|",
      "|switch|p1a: Weezing|Weezing-Galar, M, shiny|49/100|[from] Parting Shot",
      "|-damage|p1a: Weezing|37/100|[from] Stealth Rock",
      "|",
      "|-heal|p1a: Weezing|43/100|[from] item: Black Sludge",
      "|-damage|p2a: Slither Wing|88/100 brn|[from] brn",
      "|upkeep"
    ],
    "11": [
      "|",
      "|move|p2a: Slither Wing|Acrobatics|p1a: Weezing",
      "|-damage|p1a: Weezing|32/100",
      "|move|p1a: Weezing|Defog|p2a: Slither Wing",
      "|-unboost|p2a: Slither Wing|evasion|1",
      "|-sideend|p1: roddyj|Stealth Rock|[from] move: Defog|[of] p1a: Weezing",
      "|",
      "|-heal|p1a: Weezing|38/100|[from] item: Black Sludge",
      "|-damage|p2a: Slither Wing|82/100 brn|[from] brn",
      "|upkeep"
    ],
    "12": [
      "|",
      "|move|p2a: Slither Wing|Bulk Up|p2a: Slither Wing",
      "|-boost|p2a: Slither Wing|atk|1",
      "|-boost|p2a: Slither Wing|def|1",
      "|move|p1a: Weezing|Strange Steam|p2a: Slither Wing",
      "|-supereffective|p2a: Slither Wing",
      "|-damage|p2a: Slither Wing|45/100 brn",
      "|",
      "|-heal|p1a: Weezing|44/100|[from] item: Black Sludge",
      "|-damage|p2a: Slither Wing|39/100 brn|[from] brn",
      "|upkeep"
    ],
    "13": [
      "|",
      "|move|p2a: Slither Wing|Acrobatics|p1a: Weezing",
      "|-damage|p1a: Weezing|27/100",
      "|move|p1a: Weezing|Strange Steam|p2a: Slither Wing",
      "|-supereffective|p2a: Slither Wing",
      "|-damage|p2a: Slither Wing|4/100 brn",
      "|",
      "|-heal|p1a: Weezing|33/100|[from] item: Black Sludge",
      "|-damage|p2a: Slither Wing|0 fnt|[from] brn",
      "|faint|p2a: Slither Wing",
      "|-end|p2a: Slither Wing|Protosynthesis|[silent]",
      "|upkeep",
      "|",
      "|switch|p2a: Iron Moth|Iron Moth, shiny|100/100",
      "|-enditem|p2a: Iron Moth|Booster Energy",
      "|-activate|p2a: Iron Moth|ability: Quark Drive|[fromitem]",
      "|-start|p2a: Iron Moth|quarkdrivespa"
    ],
    "14": [
      "|",
      "|switch|p1a: Incineroar|Incineroar, M, shiny|96/100",
      "|-ability|p1a: Incineroar|Intimidate|boost",
      "|-unboost|p2a: Iron Moth|atk|1",
      "|move|p2a: Iron Moth|Substitute|p2a: Iron Moth",
      "|-start|p2a: Iron Moth|Substitute",
      "|-damage|p2a: Iron Moth|76/100",
      "|",
      "|upkeep"
    ],
    "15": [
      "|",
      "|move|p2a: Iron Moth|Fiery Dance|p1a: Incineroar",
      "|-resisted|p1a: Incineroar",
      "|-damage|p1a: Incineroar|77/100",
      "|-boost|p2a: Iron Moth|spa|1",
      "|move|p1a: Incineroar|Knock Off|p2a: Iron Moth",
      "|-end|p2a: Iron Moth|Substitute",
      "|",
      "|upkeep"
    ],
    "16": [
      "|",
      "|move|p2a: Iron Moth|Sludge Wave|p1a: Incineroar",
      "|-damage|p1a: Incineroar|6/100",
      "|move|p1a: Incineroar|Knock Off|p2a: Iron Moth",
      "|-damage|p2a: Iron Moth|32/100",
      "|",
      "|upkeep"
    ],
    "17": [
      "|",
      "|move|p2a: Iron Moth|Fiery Dance|p1a: Incineroar",
      "|-resisted|p1a: Incineroar",
      "|-damage|p1a: Incineroar|0 fnt",
      "|-boost|p2a: Iron Moth|spa|1",
      "|faint|p1a: Incineroar",
      "|",
      "|upkeep",
      "|",
      "|switch|p1a: Yanmega|Yanmega, F, shiny|100/100"
    ],
    "18": [
      "|",
      "|move|p2a: Iron Moth|Substitute|p2a: Iron Moth",
      "|-start|p2a: Iron Moth|Substitute",
      "|-damage|p2a: Iron Moth|7/100",
      "|move|p1a: Yanmega|Air Slash|p2a: Iron Moth",
      "|-crit|p2a: Iron Moth",
      "|-end|p2a: Iron Moth|Substitute",
      "|",
      "|-ability|p1a: Yanmega|Speed Boost|boost",
      "|-boost|p1a: Yanmega|spe|1",
      "|upkeep"
    ],
    "19": [
      "|",
      "|move|p1a: Yanmega|Tera Blast|p2a: Iron Moth",
      "|-damage|p2a: Iron Moth|0 fnt",
      "|faint|p2a: Iron Moth",
      "|-end|p2a: Iron Moth|Quark Drive|[silent]",
      "|",
      "|-ability|p1a: Yanmega|Speed Boost|boost",
      "|-boost|p1a: Yanmega|spe|1",
      "|upkeep",
      "|",
      "|switch|p2a: Walking Wake|Walking Wake|100/100",
      "|-enditem|p2a: Walking Wake|Booster Energy",
      "|-activate|p2a: Walking Wake|ability: Protosynthesis|[fromitem]",
      "|-start|p2a: Walking Wake|protosynthesisatk"
    ],
    "20": [
      "|",
      "|move|p1a: Yanmega|Protect|p1a: Yanmega",
      "|-singleturn|p1a: Yanmega|Protect",
      "|move|p2a: Walking Wake|Dragon Dance|p2a: Walking Wake",
      "|-boost|p2a: Walking Wake|atk|1",
      "|-boost|p2a: Walking Wake|spe|1",
      "|",
      "|-ability|p1a: Yanmega|Speed Boost|boost",
      "|-boost|p1a: Yanmega|spe|1",
      "|upkeep"
    ],
    "21": [
      "|",
      "|move|p1a: Yanmega|Air Slash|p2a: Walking Wake",
      "|-damage|p2a: Walking Wake|63/100",
      "|move|p2a: Walking Wake|Waterfall|p1a: Yanmega",
      "|-damage|p1a: Yanmega|25/100",
      "|",
      "|-ability|p1a: Yanmega|Speed Boost|boost",
      "|-boost|p1a: Yanmega|spe|1",
      "|upkeep"
    ],
    "22": [
      "|",
      "|move|p2a: Walking Wake|Aqua Jet|p1a: Yanmega",
      "|-damage|p1a: Yanmega|0 fnt",
      "|faint|p1a: Yanmega",
      "|",
      "|upkeep",
      "|",
      "|switch|p1a: Kingambit|Kingambit, F, shiny|100/100",
      "|-activate|p1a: Kingambit|ability: Supreme Overlord",
      "|-start|p1a: Kingambit|fallen2|[silent]"
    ],
    "23": [
      "|",
      "|move|p2a: Walking Wake|Waterfall|p1a: Kingambit",
      "|-damage|p1a: Kingambit|45/100",
      "|move|p1a: Kingambit|Kowtow Cleave|p2a: Walking Wake",
      "|-damage|p2a: Walking Wake|0 fnt",
      "|faint|p2a: Walking Wake",
      "|-end|p2a: Walking Wake|Protosynthesis|[silent]",
      "|",
      "|upkeep",
      "|",
      "|switch|p2a: Zamazenta|Zamazenta, shiny|100/100",
      "|-ability|p2a: Zamazenta|Dauntless Shield|boost",
      "|-boost|p2a: Zamazenta|def|1"
    ],
    "24": [
      "|",
      "|-end|p1a: Kingambit|fallen2|[silent]",
      "|switch|p1a: Weezing|Weezing-Galar, M, shiny|33/100",
      "|move|p2a: Zamazenta|Play Rough|p1a: Weezing",
      "|-resisted|p1a: Weezing",
      "|-damage|p1a: Weezing|24/100",
      "|",
      "|-heal|p1a: Weezing|30/100|[from] item: Black Sludge",
      "|upkeep"
    ],
    "25": [
      "|",
      "|move|p2a: Zamazenta|Stone Edge|p1a: Weezing",
      "|-damage|p1a: Weezing|7/100",
      "|move|p1a: Weezing|Will-O-Wisp|p2a: Zamazenta",
      "|-status|p2a: Zamazenta|brn",
      "|",
      "|-heal|p1a: Weezing|13/100|[from] item: Black Sludge",
      "|-damage|p2a: Zamazenta|94/100 brn|[from] brn",
      "|upkeep"
    ],
    "26": [
      "|",
      "|move|p2a: Zamazenta|Giga Impact|p1a: Weezing",
      "|-damage|p1a: Weezing|0 fnt",
      "|-mustrecharge|p2a: Zamazenta",
      "|faint|p1a: Weezing",
      "|",
      "|-damage|p2a: Zamazenta|88/100 brn|[from] brn",
      "|upkeep",
      "|",
      "|switch|p1a: Mew|Mew, shiny|100/100"
    ],
    "27": [
      "|",
      "|cant|p2a: Zamazenta|recharge",
      "|move|p1a: Mew|Dragon Dance|p1a: Mew",
      "|-boost|p1a: Mew|atk|1",
      "|-boost|p1a: Mew|spe|1",
      "|",
      "|-damage|p2a: Zamazenta|82/100 brn|[from] brn",
      "|upkeep"
    ],
    "28": [
      "|",
      "|move|p1a: Mew|Dragon Dance|p1a: Mew",
      "|-boost|p1a: Mew|atk|1",
      "|-boost|p1a: Mew|spe|1",
      "|move|p2a: Zamazenta|Ice Fang|p1a: Mew",
      "|-damage|p1a: Mew|90/100",
      "|",
      "|-damage|p2a: Zamazenta|76/100 brn|[from] brn",
      "|upkeep"
    ],
    "29": [
      "|",
      "|move|p1a: Mew|Dragon Dance|p1a: Mew",
      "|-boost|p1a: Mew|atk|1",
      "|-boost|p1a: Mew|spe|1",
      "|move|p2a: Zamazenta|Ice Fang|p1a: Mew",
      "|-damage|p1a: Mew|78/100",
      "|",
      "|-damage|p2a: Zamazenta|70/100 brn|[from] brn",
      "|upkeep"
    ],
    "30": [
      "|",
      "|move|p1a: Mew|Dragon Dance|p1a: Mew",
      "|-boost|p1a: Mew|atk|1",
      "|-boost|p1a: Mew|spe|1",
      "|move|p2a: Zamazenta|Ice Fang|p1a: Mew",
      "|-damage|p1a: Mew|68/100",
      "|",
      "|-damage|p2a: Zamazenta|64/100 brn|[from] brn",
      "|upkeep"
    ],
    "31": [
      "|",
      "|move|p1a: Mew|Icicle Spear|p2a: Zamazenta",
      "|-damage|p2a: Zamazenta|49/100 brn",
      "|-damage|p2a: Zamazenta|36/100 brn",
      "|-damage|p2a: Zamazenta|24/100 brn",
      "|-damage|p2a: Zamazenta|10/100 brn",
      "|-damage|p2a: Zamazenta|0 fnt",
      "|faint|p2a: Zamazenta",
      "|-hitcount|p2: Zamazenta|5",
      "|",
      "|upkeep",
      "|",
      "|switch|p2a: Iron Crown|Iron Crown|100/100"
    ],
    "32": [
      "|",
      "|move|p1a: Mew|Earthquake|p2a: Iron Crown",
      "|-supereffective|p2a: Iron Crown",
      "|-damage|p2a: Iron Crown|0 fnt",
      "|faint|p2a: Iron Crown",
      "|-end|p2a: Iron Crown|Quark Drive|[silent]",
      "|",
      "|win|roddyj"
    ]
  }
}