{
  "id": "gen9ou-2359082152",
  "format": "[Gen 9] OU",
  "players": [
    "rabuxi",
    "Geijutsu_no_Hyogen"
  ],
  "pre_battle": [
    "|player|p1|rabuxi|grimsley|",
    "|player|p2|Geijutsu_no_Hyogen|n|",
    "|teamsize|p1|6",
    "|teamsize|p2|6",
    "|gen|9",
    "|tier|[Gen 9] OU",
    "|clearpoke",
    "|teampreview",
    "|",
    "|start",
    "|switch|p1a: Garganacl|Garganacl, F|100/100",
    "|switch|p2a: Slowking|Slowking-Galar, F|100/100",
    "|player|p2|",
    "|player|p2|Geijutsu_no_Hyogen|n|"
  ],
  "turns": {
    "1": [
      "|",
      "|move|p1a: Garganacl|Salt Cure|p2a: Slowking",
      "|-damage|p2a: Slowking|86/100",
      "|-start|p2a: Slowking|Salt Cure",
      "|-prepare|p2a: Slowking|Chilly Reception|[premajor]",
      "|move|p2a: Slowking|Chilly Reception|p2a: Slowking",
      "|-weather|Snowscape",
      "|",
      "|switch|p2a: Kingambit|Kingambit, M|100/100|[from] Chilly Reception",
      "|",
      "|-weather|Snowscape|[upkeep]",
      "|upkeep"
    ],
    "2": [
      "|",
      "|switch|p1a: Primarina|Primarina, M|100/100",
      "|move|p2a: Kingambit|Iron Head|p1a: Primarina",
      "|-damage|p1a: Primarina|44/100",
      "|",
      "|-weather|Snowscape|[upkeep]",
      "|upkeep"
    ],
    "3": [
      "|",
      "|-end|p2a: Kingambit|fallenundefined|[silent]",
      "|switch|p2a: Slowking|Slowking-Galar, F|100/100",
      "|move|p1a: Primarina|Hyper Voice|p2a: Slowking",
      "|-damage|p2a: Slowking|53/100",
      "|",
      "|-weather|Snowscape|[upkeep]",
      "|upkeep"
    ],
    "4": [
      "|",
      "|move|p1a: Primarina|Hyper Voice|p2a: Slowking",
      "|-damage|p2a: Slowking|8/100",
      "|-prepare|p2a: Slowking|Chilly Reception|[premajor]",
      "|move|p2a: Slowking|Chilly Reception|p2a: Slowking",
      "|",
      "|switch|p2a: Kyurem|Kyurem|100/100|[from] Chilly Reception",
      "|-ability|p2a: Kyurem|Pressure",
      "|",
      "|-weather|Snowscape|[upkeep]",
      "|upkeep"
    ],
    "5": [
      "|",
      "|switch|p1a: Iron Crown|Iron Crown|100/100",
      "|-enditem|p1a: Iron Crown|Booster Energy",
      "|-activate|p1a: Iron Crown|ability: Quark Drive|[fromitem]",
      "|-start|p1a: Iron Crown|quarkdrivespa",
      "|move|p2a: Kyurem|Freeze-Dry|p1a: Iron Crown",
      "|-resisted|p1a: Iron Crown",
      "|-damage|p1a: Iron Crown|75/100",
      "|",
      "|-weather|none",
      "|upkeep"
    ],
    "6": [
      "|",
      "|switch|p2a: Corviknight|Corviknight, F|100/100",
      "|-ability|p2a: Corviknight|Pressure",
      "|move|p1a: Iron Crown|Calm Mind|p1a: Iron Crown",
      "|-boost|p1a: Iron Crown|spa|1",
      "|-boost|p1a: Iron Crown|spd|1",
      "|",
      "|upkeep"
    ],
    "7": [
      "|",
      "|move|p1a: Iron Crown|Focus Blast|p2a: Corviknight",
      "|-crit|p2a: Corviknight",
      "|-damage|p2a: Corviknight|0 fnt",
      "|faint|p2a: Corviknight",
      "|",
      "|upkeep",
      "|",
      "|switch|p2a: Kingambit|Kingambit, M|100/100",
      "|-activate|p2a: Kingambit|ability: Supreme Overlord",
      "|-start|p2a: Kingambit|fallen1|[silent]"
    ],
    "8": [
      "|",
      "|-end|p1a: Iron Crown|Quark Drive|[silent]",
      "|switch|p1a: Weezing|Weezing-Galar, F|100/100",
      "|move|p2a: Kingambit|Sucker Punch||[still]",
      "|-fail|p2a: Kingambit",
      "|",
      "|upkeep"
    ],
    "9": [
      "|",
      "|-end|p2a: Kingambit|fallen1|[silent]",
      "|switch|p2a: Kyurem|Kyurem|100/100",
      "|-ability|p2a: Kyurem|Pressure",
      "|move|p1a: Weezing|Will-O-Wisp|p2a: Kyurem",
      "|-status|p2a: Kyurem|brn",
      "|",
      "|-damage|p2a: Kyurem|94/100 brn|[from] brn",
      "|upkeep"
    ],
    "10": [
      "|",
      "|switch|p2a: Slowking|Slowking-Galar, F|41/100",
      "|move|p1a: Weezing|Strange Steam|p2a: Slowking",
      "|-resisted|p2a: Slowking",
      "|-damage|p2a: Slowking|34/100",
      "|",
      "|upkeep"
    ],
    "11": [
      "|",
      "|switch|p1a: Weavile|Weavile, F|100/100",
      "|-ability|p1a: Weavile|Pressure",
      "|-prepare|p2a: Slowking|Chilly Reception|[premajor]",
      "|move|p2a: Slowking|Chilly Reception|p2a: Slowking",
      "|-weather|Snowscape",
      "|",
      "|switch|p2a: Kingambit|Kingambit, M|100/100|[from] Chilly Reception",
      "|-activate|p2a: Kingambit|ability: Supreme Overlord",
      "|-start|p2a: Kingambit|fallen1|[silent]",
      "|",
      "|-weather|Snowscape|[upkeep]",
      "|upkeep"
    ],
    "12": [
      "|",
      "|move|p1a: Weavile|Low Kick|p2a: Kingambit",
      "|-supereffective|p2a: Kingambit",
      "|-damage|p2a: Kingambit|0 fnt",
      "|faint|p2a: Kingambit",
      "|-end|p2a: Kingambit|fallen1|[silent]",
      "|",
      "|-weather|Snowscape|[upkeep]",
      "|upkeep",
      "|",
      "|switch|p2a: Great Tusk|Great Tusk|100/100"
    ],
    "13": [
      "|",
      "|switch|p1a: Weezing|Weezing-Galar, F|100/100",
      "|-end|p2a: Great Tusk|Protosynthesis|[silent]",
      "|switch|p2a: Kyurem|Kyurem|94/100 brn",
      "|-ability|p2a: Kyurem|Pressure",
      "|",
      "|-weather|Snowscape|[upkeep]",
      "|-damage|p2a: Kyurem|88/100 brn|[from] brn",
      "|upkeep"
    ],
    "14": [
      "|",
      "|move|p2a: Kyurem|Blizzard|p1a: Weezing",
      "|-damage|p1a: Weezing|22/100",
      "|move|p1a: Weezing|Strange Steam|p2a: Kyurem",
      "|-supereffective|p2a: Kyurem",
      "|-crit|p2a: Kyurem",
      "|-damage|p2a: Kyurem|7/100 brn",
      "|-start|p2a: Kyurem|confusion",
      "|",
      "|-weather|Snowscape|[upkeep]",
      "|-damage|p2a: Kyurem|1/100 brn|[from] brn",
      "|upkeep"
    ],
    "15": [
      "|",
      "|switch|p1a: Iron Crown|Iron Crown|75/100",
      "|-activate|p2a: Kyurem|confusion",
      "|-damage|p2a: Kyurem|0 fnt|[from] confusion",
      "|faint|p2a: Kyurem",
      "|",
      "|-weather|none",
      "|upkeep",
      "|",
      "|switch|p2a: Great Tusk|Great Tusk|100/100"
    ],
    "16": [
      "|",
      "|-end|p1a: Iron Crown|Quark Drive|[silent]",
      "|switch|p1a: Weezing|Weezing-Galar, F|22/100",
      "|move|p2a: Great Tusk|Earthquake|p1a: Weezing",
      "|-immune|p1a: Weezing|[from] ability: Levitate",
      "|",
      "|upkeep"
    ],
    "17": [
      "|",
      "|-end|p2a: Great Tusk|Protosynthesis|[silent]",
      "|switch|p2a: Slowking|Slowking-Galar, F|67/100",
      "|move|p1a: Weezing|Pain Split|p2a: Slowking",
      "|-sethp|p2a: Slowking|43/100|[from] move: Pain Split|[silent]",
      "|-sethp|p1a: Weezing|50/100|[from] move: Pain Split",
      "|",
      "|upkeep"
    ],
    "18": [
      "|",
      "|switch|p1a: Garganacl|Garganacl, F|100/100",
      "|move|p2a: Slowking|Sludge Bomb|p1a: Garganacl",
      "|-resisted|p1a: Garganacl",
      "|-damage|p1a: Garganacl|89/100",
      "|",
      "|-heal|p1a: Garganacl|95/100|[from] item: Leftovers",
      "|upkeep"
    ],
    "19": [
      "|",
      "|move|p1a: Garganacl|Salt Cure|p2a: Slowking",
      "|-damage|p2a: Slowking|29/100",
      "|-start|p2a: Slowking|Salt Cure",
      "|-prepare|p2a: Slowking|Chilly Reception|[premajor]",
      "|move|p2a: Slowking|Chilly Reception|p2a: Slowking",
      "|-weather|Snowscape",
      "|",
      "|switch|p2a: Great Tusk|Great Tusk|100/100|[from] Chilly Reception",
      "|",
      "|-weather|Snowscape|[upkeep]",
      "|-heal|p1a: Garganacl|100/100|[from] item: Leftovers",
      "|upkeep"
    ],
    "20": [
      "|",
      "|switch|p1a: Garchomp|Garchomp, M|100/100",
      "|move|p2a: Great Tusk|Close Combat|p1a: Garchomp",
      "|-damage|p1a: Garchomp|50/100",
      "|-unboost|p2a: Great Tusk|def|1",
      "|-unboost|p2a: Great Tusk|spd|1",
      "|-damage|p2a: Great Tusk|88/100|[from] ability: Rough Skin|[of] p1a: Garchomp",
      "|",
      "|-weather|Snowscape|[upkeep]",
      "|upkeep"
    ],
    "21": [
      "|",
      "|move|p1a: Garchomp|Earthquake|p2a: Great Tusk",
      "|-damage|p2a: Great Tusk|40/100",
      "|move|p2a: Great Tusk|Close Combat|p1a: Garchomp",
      "|-damage|p1a: Garchomp|0 fnt",
      "|-unboost|p2a: Great Tusk|def|1",
      "|-unboost|p2a: Great Tusk|spd|1",
      "|-damage|p2a: Great Tusk|28/100|[from] ability: Rough Skin|[of] p1a: Garchomp",
      "|faint|p1a: Garchomp",
      "|",
      "|-weather|Snowscape|[upkeep]",
      "|upkeep",
      "|",
      "|switch|p1a: Primarina|Primarina, M|44/100"
    ],
    "22": [
      "|",
      "|move|p2a: Great Tusk|Earthquake|p1a: Primarina",
      "|-damage|p1a: Primarina|0 fnt",
      "|faint|p1a: Primarina",
      "|",
      "|-weather|Snowscape|[upkeep]",
      "|upkeep",
      "|",
      "|switch|p1a: Weezing|Weezing-Galar, F|50/100"
    ],
    "23": [
      "|",
      "|-end|p2a: Great Tusk|Protosynthesis|[silent]",
      "|switch|p2a: Slowking|Slowking-Galar, F|63/100",
      "|move|p1a: Weezing|Strange Steam|p2a: Slowking",
      "|-resisted|p2a: Slowking",
      "|-crit|p2a: Slowking",
      "|-damage|p2a: Slowking|50/100",
      "|",
      "|-weather|none",
      "|upkeep"
    ],
    "24": [
      "|",
      "|switch|p1a: Weavile|Weavile, F|100/100",
      "|-ability|p1a: Weavile|Pressure",
      "|-prepare|p2a: Slowking|Chilly Reception|[premajor]",
      "|move|p2a: Slowking|Chilly Reception|p2a: Slowking",
      "|-weather|Snowscape",
      "|",
      "|switch|p2a: Iron Valiant|Iron Valiant|100/100|[from] Chilly Reception",
      "|-enditem|p2a: Iron Valiant|Booster Energy",
      "|-activate|p2a: Iron Valiant|ability: Quark Drive|[fromitem]",
      "|-start|p2a: Iron Valiant|quarkdrivespe",
      "|",
      "|-weather|Snowscape|[upkeep]",
      "|upkeep"
    ],
    "25": [
      "|",
      "|move|p2a: Iron Valiant|Aura Sphere|p1a: Weavile",
      "|-supereffective|p1a: Weavile",
      "|-damage|p1a: Weavile|0 fnt",
      "|faint|p1a: Weavile",
      "|",
      "|-weather|Snowscape|[upkeep]",
      "|upkeep",
      "|",
      "|switch|p1a: Iron Crown|Iron Crown|75/100"
    ],
    "26": [
      "|",
      "|-terastallize|p2a: Iron Valiant|Steel",
      "|move|p2a: Iron Valiant|Shadow Ball|p1a: Iron Crown",
      "|-supereffective|p1a: Iron Crown",
      "|-damage|p1a: Iron Crown|20/100",
      "|move|p1a: Iron Crown|Psychic|p2a: Iron Valiant",
      "|-resisted|p2a: Iron Valiant",
      "|-damage|p2a: Iron Valiant|57/100",
      "|-unboost|p2a: Iron Valiant|spd|1",
      "|",
      "|-weather|Snowscape|[upkeep]",
      "|upkeep"
    ],
    "27": [
      "|",
      "|move|p2a: Iron Valiant|Shadow Ball|p1a: Iron Crown",
      "|-supereffective|p1a: Iron Crown",
      "|-damage|p1a: Iron Crown|0 fnt",
      "|faint|p1a: Iron Crown",
      "|-end|p1a: Iron Crown|Quark Drive|[silent]",
      "|",
      "|-weather|Snowscape|[upkeep]",
      "|upkeep",
      "|",
      "|switch|p1a: Weezing|Weezing-Galar, F|50/100"
    ],
    "28": [
      "|",
      "|move|p2a: Iron Valiant|Shadow Ball|p1a: Weezing",
      "|-damage|p1a: Weezing|28/100",
      "|move|p1a: Weezing|Pain Split|p2a: Iron Valiant",
      "|-sethp|p2a: Iron Valiant|45/100|[from] move: Pain Split|[silent]",
      "|-sethp|p1a: Weezing|39/100|[from] move: Pain Split",
      "|",
      "|-weather|none",
      "|upkeep"
    ],
    "29": [
      "|",
      "|-end|p2a: Iron Valiant|Quark Drive|[silent]",
      "|switch|p2a: Slowking|Slowking-Galar, F|83/100",
      "|move|p1a: Weezing|Strange Steam|p2a: Slowking",
      "|-resisted|p2a: Slowking",
      "|-damage|p2a: Slowking|76/100",
      "|-start|p2a: Slowking|confusion",
      "|",
      "|upkeep"
    ],
    "30": [
      "|",
      "|move|p1a: Weezing|Pain Split|p2a: Slowking",
      "|-sethp|p2a: Slowking|54/100|[from] move: Pain Split|[silent]",
      "|-sethp|p1a: Weezing|64/100|[from] move: Pain Split",
      "|-activate|p2a: Slowking|confusion",
      "|move|p2a: Slowking|Future Sight|p1a: Weezing",
      "|-start|p2a: Slowking|move: Future Sight",
      "|",
      "|upkeep"
    ],
    "31": [
      "|",
      "|move|p1a: Weezing|Strange Steam|p2a: Slowking",
      "|-resisted|p2a: Slowking",
      "|-crit|p2a: Slowking",
      "|-damage|p2a: Slowking|42/100",
      "|-prepare|p2a: Slowking|Chilly Reception|[premajor]",
      "|-activate|p2a: Slowking|confusion",
      "|move|p2a: Slowking|Chilly Reception|p2a: Slowking",
      "|-weather|Snowscape",
      "|",
      "|switch|p2a: Great Tusk|Great Tusk|28/100|[from] Chilly Reception",
      "|",
      "|-weather|Snowscape|[upkeep]",
      "|upkeep"
    ],
    "32": [
      "|",
      "|switch|p1a: Garganacl|Garganacl, F|100/100",
      "|move|p2a: Great Tusk|Close Combat|p1a: Garganacl",
      "|-supereffective|p1a: Garganacl",
      "|-damage|p1a: Garganacl|32/100",
      "|-unboost|p2a: Great Tusk|def|1",
      "|-unboost|p2a: Great Tusk|spd|1",
      "|",
      "|-weather|Snowscape|[upkeep]",
      "|-end|p1a: Garganacl|move: Future Sight",
      "|-damage|p1a: Garganacl|0 fnt",
      "|faint|p1a: Garganacl",
      "|upkeep",
      "|",
      "|switch|p1a: Weezing|Weezing-Galar, F|64/100"
    ],
    "33": [
      "|",
      "|move|p2a: Great Tusk|Close Combat|p1a: Weezing",
      "|-resisted|p1a: Weezing",
      "|-damage|p1a: Weezing|52/100",
      "|-unboost|p2a: Great Tusk|def|1",
      "|-unboost|p2a: Great Tusk|spd|1",
      "|-damage|p2a: Great Tusk|12/100|[from] item: Rocky Helmet|[of] p1a: Weezing",
      "|move|p1a: Weezing|Strange Steam|p2a: Great Tusk",
      "|-supereffective|p2a: Great Tusk",
      "|-damage|p2a: Great Tusk|0 fnt",
      "|faint|p2a: Great Tusk",
      "|-end|p2a: Great Tusk|Protosynthesis|[silent]",
      "|",
      "|-weather|Snowscape|[upkeep]",
      "|upkeep",
      "|",
      "|switch|p2a: Slowking|Slowking-Galar, F|76/100"
    ],
    "34": [
      "|",
      "|move|p1a: Weezing|Pain Split|p2a: Slowking",
      "|-sethp|p2a: Slowking|60/100|[from] move: Pain Split|[silent]",
      "|-sethp|p1a: Weezing|71/100|[from] move: Pain Split",
      "|move|p2a: Slowking|Future Sight|p1a: Weezing",
      "|-start|p2a: Slowking|move: Future Sight",
      "|",
      "|-weather|Snowscape|[upkeep]",
      "|upkeep"
    ],
    "35": [
      "|",
      "|move|p1a: Weezing|Strange Steam|p2a: Slowking",
      "|-resisted|p2a: Slowking",
      "|-damage|p2a: Slowking|52/100",
      "|move|p2a: Slowking|Sludge Bomb|p1a: Weezing",
      "|-damage|p1a: Weezing|38/100",
      "|",
      "|-weather|none",
      "|upkeep"
    ],
    "36": [
      "|",
      "|switch|p2a: Iron Valiant|Iron Valiant, tera:Steel|45/100",
      "|move|p1a: Weezing|Strange Steam|p2a: Iron Valiant|[miss]",
      "|-miss|p1a: Weezing|p2a: Iron Valiant",
      "|",
      "|-end|p1a: Weezing|move: Future Sight",
      "|-supereffective|p1a: Weezing",
      "|-damage|p1a: Weezing|0 fnt",
      "|faint|p1a: Weezing",
      "|",
      "|win|Geijutsu_no_Hyogen"
    ]
  }
}