{
  "id": "gen9ou-2359084700",
  "format": "[Gen 9] OU",
  "players": [
    "Salmonboyo",
    "hax is all I need"
  ],
  "pre_battle": [
    "|player|p1|Salmonboyo|will|1153",
    "|player|p2|hax is all I need|265|1199",
    "|teamsize|p1|6",
    "|teamsize|p2|6",
    "|gen|9",
    "|tier|[Gen 9] OU",
    "|clearpoke",
    "|teampreview",
    "|",
    "|start",
    "|switch|p1a: Gengar|Gengar, F|100/100",
    "|switch|p2a: Samurott|Samurott-Hisui, M, shiny|100/100",
    "|player|p1|",
    "|player|p2|"
  ],
  "turns": {
    "1": [
      "|",
      "|move|p1a: Gengar|Sludge Wave|p2a: Samurott",
      "|-damage|p2a: Samurott|29/100",
      "|move|p2a: Samurott|Ceaseless Edge|p1a: Gengar",
      "|-supereffective|p1a: Gengar",
      "|-damage|p1a: Gengar|0 fnt",
      "|-sidestart|p1: Salmonboyo|Spikes",
      "|faint|p1a: Gengar",
      "|",
      "|upkeep",
      "|",
      "|switch|p1a: Flapple|Flapple, F|100/100",
      "|-damage|p1a: Flapple|88/100|[from] Spikes"
    ],
    "2": [
      "|",
      "|move|p2a: Samurott|Ceaseless Edge|p1a: Flapple",
      "|-damage|p1a: Flapple|18/100",
      "|-sidestart|p1: Salmonboyo|Spikes",
      "|move|p1a: Flapple|U-turn|p2a: Samurott",
      "|-supereffective|p2a: Samurott",
      "|-damage|p2a: Samurott|0 fnt",
      "|faint|p2a: Samurott",
      "|",
      "|switch|p1a: Pawmot|Pawmot, F|100/100|[from] U-turn",
      "|-damage|p1a: Pawmot|84/100|[from] Spikes",
      "|",
      "|upkeep",
      "|",
      "|switch|p2a: Glimmora|Glimmora, M, shiny|100/100"
    ],
    "3": [
      "|",
      "|move|p1a: Pawmot|Revival Blessing|p1a: Pawmot",
      "|",
      "|-heal|p1: Gengar|50/100|[from] move: Revival Blessing",
      "|move|p2a: Glimmora|Stealth Rock|p1a: Pawmot",
      "|-sidestart|p1: Salmonboyo|move: Stealth Rock",
      "|",
      "|upkeep"
    ],
    "4": [
      "|",
      "|move|p1a: Pawmot|Double Shock|p2a: Glimmora",
      "|-damage|p2a: Glimmora|22/100",
      "|-start|p1a: Pawmot|typechange|???/Fighting|[from] move: Double Shock",
      "|-activate|p2a: Glimmora|ability: Toxic Debris",
      "|-sidestart|p1: Salmonboyo|move: Toxic Spikes",
      "|-enditem|p2a: Glimmora|Red Card|[of] p1a: Pawmot",
      "|drag|p1a: Mimikyu|Mimikyu, F|100/100",
      "|-damage|p1a: Mimikyu|84/100|[from] Spikes",
      "|-damage|p1a: Mimikyu|72/100|[from] Stealth Rock",
      "|-status|p1a: Mimikyu|psn",
      "|move|p2a: Glimmora|Earth Power|p1a: Mimikyu",
      "|-activate|p1a: Mimikyu|ability: Disguise",
      "|-damage|p1a: Mimikyu|72/100 psn",
      "|detailschange|p1a: Mimikyu|Mimikyu-Busted, F",
      "|-damage|p1a: Mimikyu|59/100 psn|[from] pokemon: Mimikyu-Busted",
      "|-enditem|p1a: Mimikyu|Red Card|[of] p2a: Glimmora",
      "|drag|p2a: Greninja|Greninja, M|100/100",
      "|",
      "|-damage|p1a: Mimikyu|47/100 psn|[from] psn",
      "|upkeep"
    ],
    "5": [
      "|",
      "|move|p2a: Greninja|Surf|p1a: Mimikyu",
      "|-damage|p1a: Mimikyu|0 fnt",
      "|faint|p1a: Mimikyu",
      "|-ability|p2a: Greninja|Battle Bond|boost",
      "|-boost|p2a: Greninja|atk|1",
      "|-boost|p2a: Greninja|spa|1",
      "|-boost|p2a: Greninja|spe|1",
      "|-activate|p2a: Greninja|ability: Battle Bond",
      "|-damage|p2a: Greninja|91/100|[from] item: Life Orb",
      "|",
      "|upkeep",
      "|",
      "|switch|p1a: Flapple|Flapple, F|18/100",
      "|-damage|p1a: Flapple|1/100|[from] Spikes",
      "|-damage|p1a: Flapple|0 fnt|[from] Stealth Rock",
      "|faint|p1a: Flapple",
      "|",
      "|switch|p1a: Qwilfish|Qwilfish-Hisui, M|100/100",
      "|-damage|p1a: Qwilfish|84/100|[from] Spikes",
      "|-damage|p1a: Qwilfish|72/100|[from] Stealth Rock",
      "|-sideend|p1: Salmonboyo|move: Toxic Spikes|[of] p1a: Qwilfish",
      "|-ability|p1a: Qwilfish|Intimidate|boost",
      "|-unboost|p2a: Greninja|atk|1"
    ],
    "6": [
      "|",
      "|move|p2a: Greninja|Surf|p1a: Qwilfish",
      "|-damage|p1a: Qwilfish|17/100",
      "|-damage|p2a: Greninja|81/100|[from] item: Life Orb",
      "|move|p1a: Qwilfish|Pain Split|p2a: Greninja",
      "|-sethp|p2a: Greninja|50/100|[from] move: Pain Split|[silent]",
      "|-sethp|p1a: Qwilfish|43/100|[from] move: Pain Split",
      "|",
      "|upkeep"
    ],
    "7": [
      "|",
      "|move|p2a: Greninja|Surf|p1a: Qwilfish",
      "|-damage|p1a: Qwilfish|0 fnt",
      "|faint|p1a: Qwilfish",
      "|-damage|p2a: Greninja|40/100|[from] item: Life Orb",
      "|",
      "|upkeep",
      "|",
      "|switch|p1a: Sableye|Sableye, F|100/100",
      "|-damage|p1a: Sableye|84/100|[from] Spikes",
      "|-damage|p1a: Sableye|72/100|[from] Stealth Rock"
    ],
    "8": [
      "|-message|Salmonboyo forfeited.",
      "|",
      "|win|hax is all I need"
    ]
  }
}