{
  "id": "gen9ou-2359081592",
  "format": "[Gen 9] OU",
  "players": [
    "god of joe",
    "luvKwon"
  ],
  "pre_battle": [
    "|player|p1|god of joe|fisherman|1509",
    "|player|p2|luvKwon|ogreclan|1546",
    "|teamsize|p1|6",
    "|teamsize|p2|6",
    "|gen|9",
    "|tier|[Gen 9] OU",
    "|clearpoke",
    "|teampreview",
    "|",
    "|start",
    "|switch|p1a: Ribombee|Ribombee, F|100/100",
    "|switch|p2a: Iron Crown|Iron Crown|100/100",
    "|-enditem|p2a: Iron Crown|Booster Energy",
    "|-activate|p2a: Iron Crown|ability: Quark Drive|[fromitem]",
    "|-start|p2a: Iron Crown|quarkdrivespe",
    "|player|p2|"
  ],
  "turns": {
    "1": [
      "|",
      "|switch|p1a: Gholdengo|Gholdengo|100/100",
      "|-item|p1a: Gholdengo|Air Balloon",
      "|move|p2a: Iron Crown|Tachyon Cutter|p1a: Gholdengo",
      "|-resisted|p1a: Gholdengo",
      "|-crit|p1a: Gholdengo",
      "|-damage|p1a: Gholdengo|79/100",
      "|-enditem|p1a: Gholdengo|Air Balloon",
      "|-resisted|p1a: Gholdengo",
      "|-damage|p1a: Gholdengo|65/100",
      "|-hitcount|p1a: Gholdengo|2",
      "|",
      "|upkeep"
    ],
    "2": [
      "|",
      "|move|p2a: Iron Crown|Substitute|p2a: Iron Crown",
      "|-start|p2a: Iron Crown|Substitute",
      "|-damage|p2a: Iron Crown|76/100",
      "|move|p1a: Gholdengo|Shadow Ball|p2a: Iron Crown",
      "|-supereffective|p2a: Iron Crown",
      "|-end|p2a: Iron Crown|Substitute",
      "|",
      "|upkeep"
    ],
    "3": [
      "|",
      "|move|p2a: Iron Crown|Tachyon Cutter|p1a: Gholdengo",
      "|-resisted|p1a: Gholdengo",
      "|-damage|p1a: Gholdengo|52/100",
      "|-resisted|p1a: Gholdengo",
      "|-damage|p1a: Gholdengo|38/100",
      "|-hitcount|p1a: Gholdengo|2",
      "|move|p1a: Gholdengo|Shadow Ball|p2a: Iron Crown",
      "|-supereffective|p2a: Iron Crown",
      "|-damage|p2a: Iron Crown|0 fnt",
      "|faint|p2a: Iron Crown",
      "|-end|p2a: Iron Crown|Quark Drive|[silent]",
      "|",
      "|upkeep",
      "|",
      "|switch|p2a: Ogerpon|Ogerpon-Wellspring, F|100/100"
    ],
    "4": [
      "|",
      "|switch|p1a: Raging Bolt|Raging Bolt|100/100",
      "|-enditem|p1a: Raging Bolt|Booster Energy",
      "|-activate|p1a: Raging Bolt|ability: Protosynthesis|[fromitem]",
      "|-start|p1a: Raging Bolt|protosynthesisspa",
      "|move|p2a: Ogerpon|Play Rough|p1a: Raging Bolt",
      "|-supereffective|p1a: Raging Bolt",
      "|-damage|p1a: Raging Bolt|33/100",
      "|",
      "|upkeep"
    ],
    "5": [
      "|",
      "|switch|p2a: Landorus|Landorus-Therian, M|100/100",
      "|-ability|p2a: Landorus|Intimidate|boost",
      "|-unboost|p1a: Raging Bolt|atk|1",
      "|move|p1a: Raging Bolt|Dragon Pulse|p2a: Landorus",
      "|-damage|p2a: Landorus|26/100",
      "|",
      "|upkeep"
    ],
    "6": [
      "|",
      "|move|p2a: Landorus|Scorching Sands|p1a: Raging Bolt",
      "|-supereffective|p1a: Raging Bolt",
      "|-damage|p1a: Raging Bolt|0 fnt",
      "|faint|p1a: Raging Bolt",
      "|-end|p1a: Raging Bolt|Protosynthesis|[silent]",
      "|",
      "|upkeep",
      "|",
      "|switch|p1a: Ribombee|Ribombee, F|100/100"
    ],
    "7": [
      "|",
      "|move|p1a: Ribombee|Sticky Web|p2a: Landorus",
      "|-sidestart|p2: luvKwon|move: Sticky Web",
      "|move|p2a: Landorus|Stealth Rock|p1a: Ribombee",
      "|-sidestart|p1: god of joe|move: Stealth Rock",
      "|",
      "|upkeep"
    ],
    "8": [
      "|",
      "|move|p1a: Ribombee|Moonblast|p2a: Landorus",
      "|-damage|p2a: Landorus|0 fnt",
      "|faint|p2a: Landorus",
      "|",
      "|upkeep",
      "|",
      "|switch|p2a: Ogerpon|Ogerpon-Wellspring, F|100/100",
      "|-activate|p2a: Ogerpon|move: Sticky Web",
      "|-unboost|p2a: Ogerpon|spe|1"
    ],
    "9": [
      "|",
      "|move|p1a: Ribombee|Moonblast|p2a: Ogerpon",
      "|-damage|p2a: Ogerpon|57/100",
      "|move|p2a: Ogerpon|Ivy Cudgel|p1a: Ribombee|[anim] Ivy Cudgel Water",
      "|-enditem|p1a: Ribombee|Focus Sash",
      "|-damage|p1a: Ribombee|1/100",
      "|",
      "|upkeep"
    ],
    "10": [
      "|",
      "|move|p1a: Ribombee|Moonblast|p2a: Ogerpon",
      "|-damage|p2a: Ogerpon|13/100",
      "|move|p2a: Ogerpon|Ivy Cudgel|p1a: Ribombee|[anim] Ivy Cudgel Water",
      "|-damage|p1a: Ribombee|0 fnt",
      "|faint|p1a: Ribombee",
      "|",
      "|upkeep",
      "|",
      "|switch|p1a: Great Tusk|Great Tusk|100/100",
      "|-damage|p1a: Great Tusk|98/100|[from] Stealth Rock",
      "|-enditem|p1a: Great Tusk|Booster Energy",
      "|-activate|p1a: Great Tusk|ability: Protosynthesis|[fromitem]",
      "|-start|p1a: Great Tusk|protosynthesisatk"
    ],
    "11": [
      "|",
      "|move|p1a: Great Tusk|Rapid Spin|p2a: Ogerpon",
      "|-damage|p2a: Ogerpon|0 fnt",
      "|-boost|p1a: Great Tusk|spe|1",
      "|-sideend|p1: god of joe|Stealth Rock|[from] move: Rapid Spin|[of] p1a: Great Tusk",
      "|faint|p2a: Ogerpon",
      "|",
      "|upkeep",
      "|",
      "|switch|p2a: Deoxys|Deoxys-Speed|100/100",
      "|-activate|p2a: Deoxys|move: Sticky Web",
      "|-unboost|p2a: Deoxys|spe|1",
      "|-ability|p2a: Deoxys|Pressure"
    ],
    "12": [
      "|",
      "|move|p1a: Great Tusk|Headlong Rush|p2a: Deoxys",
      "|-damage|p2a: Deoxys|0 fnt",
      "|-unboost|p1a: Great Tusk|def|1",
      "|-unboost|p1a: Great Tusk|spd|1",
      "|faint|p2a: Deoxys",
      "|",
      "|upkeep",
      "|",
      "|switch|p2a: Raging Bolt|Raging Bolt|100/100",
      "|-activate|p2a: Raging Bolt|move: Sticky Web",
      "|-unboost|p2a: Raging Bolt|spe|1",
      "|-enditem|p2a: Raging Bolt|Booster Energy",
      "|-activate|p2a: Raging Bolt|ability: Protosynthesis|[fromitem]",
      "|-start|p2a: Raging Bolt|protosynthesisspa"
    ],
    "13": [
      "|",
      "|-terastallize|p2a: Raging Bolt|Ghost",
      "|move|p1a: Great Tusk|Headlong Rush|p2a: Raging Bolt",
      "|-damage|p2a: Raging Bolt|27/100",
      "|-unboost|p1a: Great Tusk|def|1",
      "|-unboost|p1a: Great Tusk|spd|1",
      "|move|p2a: Raging Bolt|Dragon Pulse|p1a: Great Tusk",
      "|-damage|p1a: Great Tusk|0 fnt",
      "|faint|p1a: Great Tusk",
      "|-end|p1a: Great Tusk|Protosynthesis|[silent]",
      "|",
      "|upkeep",
      "|",
      "|switch|p1a: Samurott|Samurott-Hisui, M|100/100"
    ],
    "14": [
      "|",
      "|move|p1a: Samurott|Sucker Punch|p2a: Raging Bolt",
      "|-supereffective|p2a: Raging Bolt",
      "|-damage|p2a: Raging Bolt|0 fnt",
      "|faint|p2a: Raging Bolt",
      "|-end|p2a: Raging Bolt|Protosynthesis|[silent]",
      "|",
      "|upkeep",
      "|",
      "|switch|p2a: Iron Valiant|Iron Valiant|100/100",
      "|-activate|p2a: Iron Valiant|move: Sticky Web",
      "|-unboost|p2a: Iron Valiant|spe|1",
      "|-enditem|p2a: Iron Valiant|Booster Energy",
      "|-activate|p2a: Iron Valiant|ability: Quark Drive|[fromitem]",
      "|-start|p2a: Iron Valiant|quarkdrivespa"
    ],
    "15": [
      "|",
      "|move|p2a: Iron Valiant|Vacuum Wave|p1a: Samurott",
      "|-supereffective|p1a: Samurott",
      "|-damage|p1a: Samurott|12/100",
      "|move|p1a: Samurott|Razor Shell|p2a: Iron Valiant",
      "|-damage|p2a: Iron Valiant|34/100",
      "|",
      "|upkeep"
    ],
    "16": [
      "|",
      "|move|p1a: Samurott|Sucker Punch|p2a: Iron Valiant",
      "|-resisted|p2a: Iron Valiant",
      "|-damage|p2a: Iron Valiant|21/100",
      "|move|p2a: Iron Valiant|Moonblast|p1a: Samurott",
      "|-supereffective|p1a: Samurott",
      "|-damage|p1a: Samurott|0 fnt",
      "|faint|p1a: Samurott",
      "|",
      "|upkeep",
      "|",
      "|switch|p1a: Trumbeak|Trumbeak, F|100/100"
    ],
    "17": [
      "|",
      "|move|p1a: Trumbeak|Bullet Seed|p2a: Iron Valiant",
      "|-damage|p2a: Iron Valiant|13/100",
      "|-damage|p2a: Iron Valiant|5/100",
      "|-damage|p2a: Iron Valiant|0 fnt",
      "|faint|p2a: Iron Valiant",
      "|-end|p2a: Iron Valiant|Quark Drive|[silent]",
      "|-hitcount|p2: Iron Valiant|3",
      "|",
      "|win|god of joe"
    ]
  }
}