{
  "id": "gen9ou-2359082391",
  "format": "[Gen 9] OU",
  "players": [
    "StarK1d23",
    "ItzPoptarts"
  ],
  "pre_battle": [
    "|player|p1|StarK1d23|steven|1137",
    "|player|p2|ItzPoptarts|170|1076",
    "|teamsize|p1|6",
    "|teamsize|p2|6",
    "|gen|9",
    "|tier|[Gen 9] OU",
    "|clearpoke",
    "|teampreview",
    "|",
    "|start",
    "|switch|p1a: Skarmory|Skarmory, F, shiny|100/100",
    "|switch|p2a: Chi|Wo-Chien|100/100",
    "|-ability|p2a: Chi|Tablets of Ruin",
    "|player|p1|"
  ],
  "turns": {
    "1": [
      "|",
      "|switch|p2a: Tinkerer|Tinkaton, F|100/100",
      "|-ability|p2a: Tinkerer|Mold Breaker",
      "|-item|p2a: Tinkerer|Air Balloon",
      "|move|p1a: Skarmory|Stealth Rock|p2a: Tinkerer",
      "|-sidestart|p2: ItzPoptarts|move: Stealth Rock",
      "|",
      "|upkeep"
    ],
    "2": [
      "|",
      "|move|p2a: Tinkerer|Stealth Rock|p1a: Skarmory",
      "|-sidestart|p1: StarK1d23|move: Stealth Rock",
      "|move|p1a: Skarmory|Roar|p2a: Tinkerer",
      "|drag|p2a: Iron Valiant|Iron Valiant|100/100",
      "|-damage|p2a: Iron Valiant|94/100|[from] Stealth Rock",
      "|-enditem|p2a: Iron Valiant|Booster Energy",
      "|-activate|p2a: Iron Valiant|ability: Quark Drive|[fromitem]",
      "|-start|p2a: Iron Valiant|quarkdrivespe",
      "|",
      "|upkeep"
    ],
    "3": [
      "|",
      "|move|p2a: Iron Valiant|Aura Sphere|p1a: Skarmory",
      "|-damage|p1a: Skarmory|46/100",
      "|move|p1a: Skarmory|Iron Head|p2a: Iron Valiant",
      "|-supereffective|p2a: Iron Valiant",
      "|-damage|p2a: Iron Valiant|38/100",
      "|",
      "|-heal|p1a: Skarmory|52/100|[from] item: Leftovers",
      "|upkeep"
    ],
    "4": [
      "|",
      "|move|p2a: Iron Valiant|Aura Sphere|p1a: Skarmory",
      "|-damage|p1a: Skarmory|0 fnt",
      "|faint|p1a: Skarmory",
      "|",
      "|upkeep",
      "|",
      "|switch|p1a: Gastrodon|Gastrodon-East, M|100/100",
      "|-damage|p1a: Gastrodon|94/100|[from] Stealth Rock"
    ],
    "5": [
      "|",
      "|move|p2a: Iron Valiant|Moonblast|p1a: Gastrodon",
      "|-damage|p1a: Gastrodon|54/100",
      "|-unboost|p1a: Gastrodon|spa|1",
      "|-enditem|p1a: Gastrodon|Red Card|[of] p2a: Iron Valiant",
      "|-end|p2a: Iron Valiant|Quark Drive|[silent]",
      "|drag|p2a: Chi|Wo-Chien|100/100",
      "|-damage|p2a: Chi|88/100|[from] Stealth Rock",
      "|-ability|p2a: Chi|Tablets of Ruin",
      "|move|p1a: Gastrodon|Surf|p2a: Chi",
      "|-resisted|p2a: Chi",
      "|-damage|p2a: Chi|81/100",
      "|",
      "|upkeep"
    ],
    "6": [
      "|",
      "|move|p2a: Chi|Energy Ball|p1a: Gastrodon",
      "|-supereffective|p1a: Gastrodon",
      "|-damage|p1a: Gastrodon|0 fnt",
      "|faint|p1a: Gastrodon",
      "|",
      "|upkeep",
      "|",
      "|switch|p1a: Slowking|Slowking-Galar, F|100/100",
      "|-damage|p1a: Slowking|88/100|[from] Stealth Rock"
    ],
    "7": [
      "|",
      "|move|p2a: Chi|Dark Pulse|p1a: Slowking",
      "|-supereffective|p1a: Slowking",
      "|-damage|p1a: Slowking|53/100",
      "|move|p1a: Slowking|Flamethrower|p2a: Chi",
      "|-supereffective|p2a: Chi",
      "|-damage|p2a: Chi|60/100",
      "|",
      "|-heal|p1a: Slowking|59/100|[from] item: Black Sludge",
      "|upkeep"
    ],
    "8": [
      "|",
      "|move|p2a: Chi|Dark Pulse|p1a: Slowking",
      "|-supereffective|p1a: Slowking",
      "|-damage|p1a: Slowking|21/100",
      "|move|p1a: Slowking|Flamethrower|p2a: Chi",
      "|-supereffective|p2a: Chi",
      "|-damage|p2a: Chi|37/100",
      "|",
      "|-heal|p1a: Slowking|27/100|[from] item: Black Sludge",
      "|upkeep"
    ],
    "9": [
      "|",
      "|move|p2a: Chi|Dark Pulse|p1a: Slowking",
      "|-supereffective|p1a: Slowking",
      "|-damage|p1a: Slowking|0 fnt",
      "|faint|p1a: Slowking",
      "|",
      "|upkeep",
      "|",
      "|switch|p1a: Dragapult|Dragapult, M|100/100",
      "|-damage|p1a: Dragapult|88/100|[from] Stealth Rock"
    ],
    "10": [
      "|",
      "|move|p1a: Dragapult|U-turn|p2a: Chi",
      "|-supereffective|p2a: Chi",
      "|-damage|p2a: Chi|0 fnt",
      "|faint|p2a: Chi",
      "|",
      "|switch|p1a: Porygon-Z|Porygon-Z|100/100|[from] U-turn",
      "|-damage|p1a: Porygon-Z|88/100|[from] Stealth Rock",
      "|",
      "|upkeep",
      "|",
      "|switch|p2a: Iron Valiant|Iron Valiant|38/100",
      "|-damage|p2a: Iron Valiant|31/100|[from] Stealth Rock"
    ],
    "11": [
      "|",
      "|move|p2a: Iron Valiant|Moonblast|p1a: Porygon-Z",
      "|-damage|p1a: Porygon-Z|21/100",
      "|-unboost|p1a: Porygon-Z|spa|1",
      "|move|p1a: Porygon-Z|Shadow Ball|p2a: Iron Valiant",
      "|-damage|p2a: Iron Valiant|0 fnt",
      "|faint|p2a: Iron Valiant",
      "|-end|p2a: Iron Valiant|Quark Drive|[silent]",
      "|",
      "|upkeep",
      "|",
      "|switch|p2a: Kel|Keldeo-Resolute|100/100"
    ],
    "12": [
      "|",
      "|move|p2a: Kel|Surf|p1a: Porygon-Z",
      "|-damage|p1a: Porygon-Z|0 fnt",
      "|faint|p1a: Porygon-Z",
      "|",
      "|upkeep",
      "|",
      "|switch|p1a: Dragapult|Dragapult, M|88/100",
      "|-damage|p1a: Dragapult|76/100|[from] Stealth Rock"
    ],
    "13": [
      "|",
      "|switch|p2a: Tinkerer|Tinkaton, F|100/100",
      "|-damage|p2a: Tinkerer|94/100|[from] Stealth Rock",
      "|-ability|p2a: Tinkerer|Mold Breaker",
      "|-item|p2a: Tinkerer|Air Balloon",
      "|move|p1a: Dragapult|U-turn|p2a: Tinkerer",
      "|-resisted|p2a: Tinkerer",
      "|-damage|p2a: Tinkerer|85/100",
      "|-enditem|p2a: Tinkerer|Air Balloon",
      "|",
      "|switch|p1a: Iron Thorns|Iron Thorns|100/100|[from] U-turn",
      "|-damage|p1a: Iron Thorns|88/100|[from] Stealth Rock",
      "|-enditem|p1a: Iron Thorns|Booster Energy",
      "|-activate|p1a: Iron Thorns|ability: Quark Drive|[fromitem]",
      "|-start|p1a: Iron Thorns|quarkdriveatk",
      "|",
      "|upkeep"
    ],
    "14": [
      "|",
      "|move|p2a: Tinkerer|Gigaton Hammer|p1a: Iron Thorns",
      "|-damage|p1a: Iron Thorns|50/100",
      "|move|p1a: Iron Thorns|Earthquake|p2a: Tinkerer",
      "|-supereffective|p2a: Tinkerer",
      "|-damage|p2a: Tinkerer|0 fnt",
      "|faint|p2a: Tinkerer",
      "|",
      "|upkeep",
      "|",
      "|switch|p2a: Kel|Keldeo-Resolute|100/100"
    ],
    "15": [
      "|",
      "|move|p2a: Kel|Secret Sword|p1a: Iron Thorns",
      "|-supereffective|p1a: Iron Thorns",
      "|-damage|p1a: Iron Thorns|0 fnt",
      "|faint|p1a: Iron Thorns",
      "|-end|p1a: Iron Thorns|Quark Drive|[silent]",
      "|",
      "|upkeep",
      "|",
      "|switch|p1a: Dragapult|Dragapult, M|76/100",
      "|-damage|p1a: Dragapult|64/100|[from] Stealth Rock"
    ],
    "16": [
      "|",
      "|-terastallize|p1a: Dragapult|Dragon",
      "|move|p1a: Dragapult|Dragon Darts|p2a: Kel",
      "|-damage|p2a: Kel|45/100",
      "|-anim|p1a: Dragapult|Dragon Darts|p2a: Kel",
      "|-crit|p2a: Kel",
      "|-damage|p2a: Kel|0 fnt",
      "|faint|p2a: Kel",
      "|",
      "|upkeep",
      "|",
      "|switch|p2a: Garganacl|Garganacl, F|100/100",
      "|-damage|p2a: Garganacl|88/100|[from] Stealth Rock"
    ],
    "17": [
      "|",
      "|-terastallize|p2a: Garganacl|Ice",
      "|move|p1a: Dragapult|Dragon Darts|p2a: Garganacl",
      "|-damage|p2a: Garganacl|53/100",
      "|-anim|p1a: Dragapult|Dragon Darts|p2a: Garganacl",
      "|-damage|p2a: Garganacl|21/100",
      "|move|p2a: Garganacl|Avalanche|p1a: Dragapult",
      "|-supereffective|p1a: Dragapult",
      "|-damage|p1a: Dragapult|0 fnt",
      "|faint|p1a: Dragapult",
      "|",
      "|win|ItzPoptarts"
    ]
  }
}