{
  "id": "gen9ou-2359104229",
  "format": "[Gen 9] OU",
  "players": [
    "EclipseByakko",
    "I like Glaceon yay"
  ],
  "pre_battle": [
    "|badge|p2|bronze|gen9ubers|100-5",
    "|badge|p2|bronze|gen9uu|100-5",
    "|player|p1|EclipseByakko|102|1365",
    "|player|p2|I like Glaceon yay|lucian|1391",
    "|teamsize|p1|6",
    "|teamsize|p2|6",
    "|gen|9",
    "|tier|[Gen 9] OU",
    "|clearpoke",
    "|teampreview",
    "|",
    "|start",
    "|switch|p1a: Garchomp|Garchomp, M|100/100",
    "|switch|p2a: Kurama Chakra Mode|Ninetales, M|100/100",
    "|-weather|SunnyDay|[from] ability: Drought|[of] p2a: Kurama Chakra Mode"
  ],
  "turns": {
    "1": [
      "|",
      "|move|p1a: Garchomp|Swords Dance|p1a: Garchomp",
      "|-boost|p1a: Garchomp|atk|2",
      "|move|p2a: Kurama Chakra Mode|Will-O-Wisp|p1a: Garchomp",
      "|-status|p1a: Garchomp|brn",
      "|",
      "|-weather|SunnyDay|[upkeep]",
      "|-damage|p1a: Garchomp|94/100 brn|[from] brn",
      "|upkeep"
    ],
    "2": [
      "|",
      "|switch|p2a: Die w A Smile|Hatterene, F|100/100",
      "|move|p1a: Garchomp|Swords Dance|p1a: Garchomp",
      "|-boost|p1a: Garchomp|atk|2",
      "|",
      "|-weather|SunnyDay|[upkeep]",
      "|-damage|p1a: Garchomp|88/100 brn|[from] brn",
      "|upkeep"
    ],
    "3": [
      "|",
      "|-terastallize|p1a: Garchomp|Water",
      "|move|p1a: Garchomp|Liquidation|p2a: Die w A Smile",
      "|-damage|p2a: Die w A Smile|70/100",
      "|-enditem|p2a: Die w A Smile|Eject Button",
      "|",
      "|switch|p2a: Venu Vidi Vici|Venusaur, F|100/100",
      "|",
      "|-weather|SunnyDay|[upkeep]",
      "|-damage|p1a: Garchomp|82/100 brn|[from] brn",
      "|upkeep"
    ],
    "4": [
      "|",
      "|move|p2a: Venu Vidi Vici|Growth|p2a: Venu Vidi Vici",
      "|-boost|p2a: Venu Vidi Vici|atk|2",
      "|-boost|p2a: Venu Vidi Vici|spa|2",
      "|move|p1a: Garchomp|Earthquake|p2a: Venu Vidi Vici",
      "|-damage|p2a: Venu Vidi Vici|0 fnt",
      "|faint|p2a: Venu Vidi Vici",
      "|",
      "|-weather|SunnyDay|[upkeep]",
      "|-damage|p1a: Garchomp|76/100 brn|[from] brn",
      "|upkeep",
      "|",
      "|switch|p2a: Dubya|Walking Wake|100/100",
      "|-activate|p2a: Dubya|ability: Protosynthesis",
      "|-start|p2a: Dubya|protosynthesisspa"
    ],
    "5": [
      "|",
      "|move|p1a: Garchomp|Scale Shot|p2a: Dubya",
      "|-supereffective|p2a: Dubya",
      "|-damage|p2a: Dubya|56/100",
      "|-supereffective|p2a: Dubya",
      "|-damage|p2a: Dubya|15/100",
      "|-supereffective|p2a: Dubya",
      "|-damage|p2a: Dubya|0 fnt",
      "|faint|p2a: Dubya",
      "|-end|p2a: Dubya|Protosynthesis|[silent]",
      "|-hitcount|p2: Dubya|3",
      "|-unboost|p1a: Garchomp|def|1",
      "|-boost|p1a: Garchomp|spe|1",
      "|",
      "|-weather|SunnyDay|[upkeep]",
      "|-damage|p1a: Garchomp|70/100 brn|[from] brn",
      "|upkeep",
      "|",
      "|switch|p2a: Slayboi Carti|Ceruledge, M|100/100"
    ],
    "6": [
      "|",
      "|move|p1a: Garchomp|Scale Shot|p2a: Slayboi Carti",
      "|-damage|p2a: Slayboi Carti|72/100",
      "|-ability|p2a: Slayboi Carti|Weak Armor|boost",
      "|-unboost|p2a: Slayboi Carti|def|1",
      "|-boost|p2a: Slayboi Carti|spe|2",
      "|-damage|p2a: Slayboi Carti|32/100",
      "|-ability|p2a: Slayboi Carti|Weak Armor|boost",
      "|-unboost|p2a: Slayboi Carti|def|1",
      "|-boost|p2a: Slayboi Carti|spe|2",
      "|-damage|p2a: Slayboi Carti|0 fnt",
      "|faint|p2a: Slayboi Carti",
      "|-hitcount|p2: Slayboi Carti|3",
      "|-unboost|p1a: Garchomp|def|1",
      "|-boost|p1a: Garchomp|spe|1",
      "|",
      "|-weather|SunnyDay|[upkeep]",
      "|-damage|p1a: Garchomp|64/100 brn|[from] brn",
      "|upkeep",
      "|",
      "|switch|p2a: Lynrd Spynrd|Great Tusk|100/100",
      "|-activate|p2a: Lynrd Spynrd|ability: Protosynthesis",
      "|-start|p2a: Lynrd Spynrd|protosynthesisspe"
    ],
    "7": [
      "|",
      "|move|p1a: Garchomp|Scale Shot|p2a: Lynrd Spynrd",
      "|-damage|p2a: Lynrd Spynrd|88/100",
      "|-damage|p2a: Lynrd Spynrd|75/100",
      "|-damage|p2a: Lynrd Spynrd|62/100",
      "|-damage|p2a: Lynrd Spynrd|50/100",
      "|-hitcount|p2a: Lynrd Spynrd|4",
      "|-unboost|p1a: Garchomp|def|1",
      "|-boost|p1a: Garchomp|spe|1",
      "|move|p2a: Lynrd Spynrd|Rapid Spin|p1a: Garchomp",
      "|-damage|p1a: Garchomp|24/100 brn",
      "|-boost|p2a: Lynrd Spynrd|spe|1",
      "|-damage|p2a: Lynrd Spynrd|38/100|[from] ability: Rough Skin|[of] p1a: Garchomp",
      "|",
      "|-weather|SunnyDay|[upkeep]",
      "|-damage|p1a: Garchomp|18/100 brn|[from] brn",
      "|upkeep"
    ],
    "8": [
      "|",
      "|move|p1a: Garchomp|Scale Shot|p2a: Lynrd Spynrd|[miss]",
      "|-miss|p1a: Garchomp|p2a: Lynrd Spynrd",
      "|move|p2a: Lynrd Spynrd|Headlong Rush|p1a: Garchomp",
      "|-damage|p1a: Garchomp|0 fnt",
      "|-unboost|p2a: Lynrd Spynrd|def|1",
      "|-unboost|p2a: Lynrd Spynrd|spd|1",
      "|-damage|p2a: Lynrd Spynrd|26/100|[from] ability: Rough Skin|[of] p1a: Garchomp",
      "|faint|p1a: Garchomp",
      "|",
      "|-weather|none",
      "|-end|p2a: Lynrd Spynrd|Protosynthesis",
      "|upkeep",
      "|",
      "|switch|p1a: Great Tusk|Great Tusk|100/100",
      "|-enditem|p1a: Great Tusk|Booster Energy",
      "|-activate|p1a: Great Tusk|ability: Protosynthesis|[fromitem]",
      "|-start|p1a: Great Tusk|protosynthesisatk"
    ],
    "9": [
      "|",
      "|move|p2a: Lynrd Spynrd|Headlong Rush|p1a: Great Tusk",
      "|-damage|p1a: Great Tusk|64/100",
      "|-unboost|p2a: Lynrd Spynrd|def|1",
      "|-unboost|p2a: Lynrd Spynrd|spd|1",
      "|move|p1a: Great Tusk|Rapid Spin|p2a: Lynrd Spynrd",
      "|-damage|p2a: Lynrd Spynrd|0 fnt",
      "|-boost|p1a: Great Tusk|spe|1",
      "|-damage|p1a: Great Tusk|48/100|[from] item: Rocky Helmet|[of] p2a: Lynrd Spynrd",
      "|faint|p2a: Lynrd Spynrd",
      "|-end|p2a: Lynrd Spynrd|Protosynthesis|[silent]",
      "|",
      "|upkeep",
      "|",
      "|switch|p2a: Kurama Chakra Mode|Ninetales, M|100/100",
      "|-weather|SunnyDay|[from] ability: Drought|[of] p2a: Kurama Chakra Mode"
    ],
    "10": [
      "|",
      "|-terastallize|p2a: Kurama Chakra Mode|Ghost",
      "|move|p1a: Great Tusk|Headlong Rush|p2a: Kurama Chakra Mode",
      "|-damage|p2a: Kurama Chakra Mode|0 fnt",
      "|-unboost|p1a: Great Tusk|def|1",
      "|-unboost|p1a: Great Tusk|spd|1",
      "|faint|p2a: Kurama Chakra Mode",
      "|",
      "|-weather|SunnyDay|[upkeep]",
      "|upkeep",
      "|",
      "|switch|p2a: Die w A Smile|Hatterene, F|70/100"
    ],
    "11": [
      "|",
      "|move|p1a: Great Tusk|Headlong Rush|p2a: Die w A Smile",
      "|-damage|p2a: Die w A Smile|0 fnt",
      "|-unboost|p1a: Great Tusk|def|1",
      "|-unboost|p1a: Great Tusk|spd|1",
      "|faint|p2a: Die w A Smile",
      "|",
      "|win|EclipseByakko"
    ]
  }
}