{
  "id": "gen9ou-2359120784",
  "format": "[Gen 9] OU",
  "players": [
    "Mr tpen",
    "doodoo stank"
  ],
  "pre_battle": [
    "|player|p1|Mr tpen|169|1588",
    "|player|p2|doodoo stank|psychic-gen2|1562",
    "|teamsize|p1|6",
    "|teamsize|p2|6",
    "|gen|9",
    "|tier|[Gen 9] OU",
    "|clearpoke",
    "|teampreview",
    "|",
    "|start",
    "|switch|p1a: Enamorus|Enamorus, F|100/100",
    "|switch|p2a: Ceruledge|Ceruledge, F|100/100",
    "|player|p2|",
    "|player|p1|"
  ],
  "turns": {
    "1": [
      "|",
      "|move|p1a: Enamorus|Earth Power|p2a: Ceruledge",
      "|-supereffective|p2a: Ceruledge",
      "|-damage|p2a: Ceruledge|26/100",
      "|move|p2a: Ceruledge|Bitter Blade|p1a: Enamorus",
      "|-damage|p1a: Enamorus|9/100",
      "|-heal|p2a: Ceruledge|71/100|[from] drain|[of] p1a: Enamorus",
      "|",
      "|upkeep"
    ],
    "2": [
      "|",
      "|move|p2a: Ceruledge|Shadow Sneak|p1a: Enamorus",
      "|-damage|p1a: Enamorus|0 fnt",
      "|faint|p1a: Enamorus",
      "|",
      "|upkeep",
      "|",
      "|switch|p1a: Araquanid|Araquanid, F|100/100"
    ],
    "3": [
      "|",
      "|move|p2a: Ceruledge|Bitter Blade|p1a: Araquanid",
      "|-damage|p1a: Araquanid|74/100",
      "|-heal|p2a: Ceruledge|87/100|[from] drain|[of] p1a: Araquanid",
      "|move|p1a: Araquanid|Surf|p2a: Ceruledge",
      "|-supereffective|p2a: Ceruledge",
      "|-damage|p2a: Ceruledge|0 fnt",
      "|faint|p2a: Ceruledge",
      "|",
      "|upkeep",
      "|",
      "|switch|p2a: Braviary|Braviary-Hisui, M|100/100"
    ],
    "4": [
      "|",
      "|move|p2a: Braviary|Esper Wing|p1a: Araquanid",
      "|-damage|p1a: Araquanid|44/100",
      "|-boost|p2a: Braviary|spe|1",
      "|move|p1a: Araquanid|Surf|p2a: Braviary",
      "|-damage|p2a: Braviary|33/100",
      "|",
      "|-heal|p2a: Braviary|39/100|[from] item: Leftovers",
      "|upkeep"
    ],
    "5": [
      "|",
      "|move|p2a: Braviary|Esper Wing|p1a: Araquanid",
      "|-damage|p1a: Araquanid|16/100",
      "|-boost|p2a: Braviary|spe|1",
      "|move|p1a: Araquanid|Surf|p2a: Braviary",
      "|-damage|p2a: Braviary|0 fnt",
      "|faint|p2a: Braviary",
      "|",
      "|upkeep",
      "|",
      "|switch|p2a: Grimmsnarl|Grimmsnarl, M|100/100"
    ],
    "6": [
      "|-enditem|p1a: Araquanid|Custap Berry|[eat]",
      "|-activate|p1a: Araquanid|item: Custap Berry|[consumed]",
      "|",
      "|move|p1a: Araquanid|Endeavor|p2a: Grimmsnarl",
      "|-damage|p2a: Grimmsnarl|14/100",
      "|move|p2a: Grimmsnarl|Spirit Break|p1a: Araquanid",
      "|-damage|p1a: Araquanid|0 fnt",
      "|faint|p1a: Araquanid",
      "|",
      "|upkeep",
      "|",
      "|switch|p1a: Iron Crown|Iron Crown|100/100",
      "|-enditem|p1a: Iron Crown|Booster Energy",
      "|-activate|p1a: Iron Crown|ability: Quark Drive|[fromitem]",
      "|-start|p1a: Iron Crown|quarkdrivespa"
    ],
    "7": [
      "|",
      "|move|p2a: Grimmsnarl|Thunder Wave|p1a: Iron Crown",
      "|-status|p1a: Iron Crown|par",
      "|move|p1a: Iron Crown|Substitute|p1a: Iron Crown",
      "|-start|p1a: Iron Crown|Substitute",
      "|-damage|p1a: Iron Crown|76/100 par",
      "|",
      "|upkeep"
    ],
    "8": [
      "|",
      "|move|p2a: Grimmsnarl|Light Screen|p2a: Grimmsnarl",
      "|-sidestart|p2: doodoo stank|move: Light Screen",
      "|cant|p1a: Iron Crown|par",
      "|",
      "|upkeep"
    ],
    "9": [
      "|",
      "|switch|p2a: Cinderace|Cinderace, F|100/100",
      "|move|p1a: Iron Crown|Tachyon Cutter|p2a: Cinderace",
      "|-resisted|p2a: Cinderace",
      "|-damage|p2a: Cinderace|89/100",
      "|-resisted|p2a: Cinderace",
      "|-damage|p2a: Cinderace|77/100",
      "|-hitcount|p2a: Cinderace|2",
      "|",
      "|upkeep"
    ],
    "10": [
      "|",
      "|move|p2a: Cinderace|Pyro Ball|p1a: Iron Crown",
      "|-supereffective|p1a: Iron Crown",
      "|-end|p1a: Iron Crown|Substitute",
      "|move|p1a: Iron Crown|Psyshock|p2a: Cinderace",
      "|-damage|p2a: Cinderace|40/100",
      "|",
      "|upkeep"
    ],
    "11": [
      "|",
      "|move|p2a: Cinderace|Pyro Ball|p1a: Iron Crown",
      "|-supereffective|p1a: Iron Crown",
      "|-damage|p1a: Iron Crown|0 fnt",
      "|faint|p1a: Iron Crown",
      "|-end|p1a: Iron Crown|Quark Drive|[silent]",
      "|",
      "|upkeep",
      "|",
      "|switch|p1a: Zamazenta|Zamazenta|100/100",
      "|-ability|p1a: Zamazenta|Dauntless Shield|boost",
      "|-boost|p1a: Zamazenta|def|1"
    ],
    "12": [
      "|",
      "|move|p1a: Zamazenta|Heavy Slam|p2a: Cinderace",
      "|-resisted|p2a: Cinderace",
      "|-damage|p2a: Cinderace|10/100",
      "|move|p2a: Cinderace|Pyro Ball|p1a: Zamazenta",
      "|-damage|p1a: Zamazenta|60/100",
      "|",
      "|upkeep"
    ],
    "13": [
      "|",
      "|move|p1a: Zamazenta|Heavy Slam|p2a: Cinderace",
      "|-resisted|p2a: Cinderace",
      "|-damage|p2a: Cinderace|0 fnt",
      "|faint|p2a: Cinderace",
      "|",
      "|upkeep",
      "|",
      "|switch|p2a: Great Tusk|Great Tusk|100/100",
      "|-enditem|p2a: Great Tusk|Booster Energy",
      "|-activate|p2a: Great Tusk|ability: Protosynthesis|[fromitem]",
      "|-start|p2a: Great Tusk|protosynthesisspe"
    ],
    "14": [
      "|",
      "|move|p2a: Great Tusk|Bulk Up|p2a: Great Tusk",
      "|-boost|p2a: Great Tusk|atk|1",
      "|-boost|p2a: Great Tusk|def|1",
      "|move|p1a: Zamazenta|Close Combat|p2a: Great Tusk",
      "|-damage|p2a: Great Tusk|77/100",
      "|-unboost|p1a: Zamazenta|def|1",
      "|-unboost|p1a: Zamazenta|spd|1",
      "|",
      "|upkeep"
    ],
    "15": [
      "|",
      "|move|p2a: Great Tusk|Ice Spinner|p1a: Zamazenta",
      "|-damage|p1a: Zamazenta|27/100",
      "|move|p1a: Zamazenta|Close Combat|p2a: Great Tusk",
      "|-damage|p2a: Great Tusk|54/100",
      "|-unboost|p1a: Zamazenta|def|1",
      "|-unboost|p1a: Zamazenta|spd|1",
      "|",
      "|-sideend|p2: doodoo stank|move: Light Screen",
      "|upkeep"
    ],
    "16": [
      "|",
      "|move|p2a: Great Tusk|Bulk Up|p2a: Great Tusk",
      "|-boost|p2a: Great Tusk|atk|1",
      "|-boost|p2a: Great Tusk|def|1",
      "|move|p1a: Zamazenta|Close Combat|p2a: Great Tusk",
      "|-damage|p2a: Great Tusk|34/100",
      "|-unboost|p1a: Zamazenta|def|1",
      "|-unboost|p1a: Zamazenta|spd|1",
      "|",
      "|upkeep"
    ],
    "17": [
      "|",
      "|move|p2a: Great Tusk|Rapid Spin|p1a: Zamazenta",
      "|-damage|p1a: Zamazenta|0 fnt",
      "|-boost|p2a: Great Tusk|spe|1",
      "|faint|p1a: Zamazenta",
      "|",
      "|upkeep",
      "|",
      "|switch|p1a: Sinistcha|Sinistcha-Masterpiece|100/100"
    ],
    "18": [
      "|",
      "|-terastallize|p1a: Sinistcha|Ghost",
      "|move|p2a: Great Tusk|Ice Spinner|p1a: Sinistcha",
      "|-damage|p1a: Sinistcha|64/100",
      "|move|p1a: Sinistcha|Matcha Gotcha|p2a: Great Tusk",
      "|-supereffective|p2a: Great Tusk",
      "|-damage|p2a: Great Tusk|0 fnt",
      "|-heal|p1a: Sinistcha|85/100|[from] drain|[of] p2a: Great Tusk",
      "|faint|p2a: Great Tusk",
      "|-end|p2a: Great Tusk|Protosynthesis|[silent]",
      "|",
      "|-heal|p1a: Sinistcha|91/100|[from] item: Leftovers",
      "|upkeep",
      "|",
      "|switch|p2a: Grimmsnarl|Grimmsnarl, M|14/100"
    ],
    "19": [
      "|",
      "|move|p2a: Grimmsnarl|Light Screen|p2a: Grimmsnarl",
      "|-sidestart|p2: doodoo stank|move: Light Screen",
      "|move|p1a: Sinistcha|Matcha Gotcha|p2a: Grimmsnarl|[miss]",
      "|-miss|p1a: Sinistcha|p2a: Grimmsnarl",
      "|",
      "|-heal|p1a: Sinistcha|97/100|[from] item: Leftovers",
      "|upkeep"
    ],
    "20": [
      "|",
      "|move|p2a: Grimmsnarl|Thunder Wave|p1a: Sinistcha",
      "|-status|p1a: Sinistcha|par",
      "|cant|p1a: Sinistcha|par",
      "|",
      "|-heal|p1a: Sinistcha|100/100 par|[from] item: Leftovers",
      "|upkeep"
    ],
    "21": [
      "|",
      "|move|p2a: Grimmsnarl|Spirit Break|p1a: Sinistcha",
      "|-damage|p1a: Sinistcha|75/100 par",
      "|-unboost|p1a: Sinistcha|spa|1",
      "|move|p1a: Sinistcha|Calm Mind|p1a: Sinistcha",
      "|-boost|p1a: Sinistcha|spa|1",
      "|-boost|p1a: Sinistcha|spd|1",
      "|",
      "|-heal|p1a: Sinistcha|81/100 par|[from] item: Leftovers",
      "|upkeep"
    ],
    "22": [
      "|",
      "|move|p2a: Grimmsnarl|Spirit Break|p1a: Sinistcha",
      "|-damage|p1a: Sinistcha|57/100 par",
      "|-unboost|p1a: Sinistcha|spa|1",
      "|cant|p1a: Sinistcha|par",
      "|",
      "|-heal|p1a: Sinistcha|63/100 par|[from] item: Leftovers",
      "|upkeep"
    ],
    "23": [
      "|",
      "|move|p2a: Grimmsnarl|Spirit Break|p1a: Sinistcha",
      "|-damage|p1a: Sinistcha|38/100 par",
      "|-unboost|p1a: Sinistcha|spa|1",
      "|cant|p1a: Sinistcha|par",
      "|",
      "|-heal|p1a: Sinistcha|44/100 par|[from] item: Leftovers",
      "|upkeep"
    ],
    "24": [
      "|",
      "|move|p2a: Grimmsnarl|Spirit Break|p1a: Sinistcha",
      "|-damage|p1a: Sinistcha|20/100 par",
      "|-unboost|p1a: Sinistcha|spa|1",
      "|move|p1a: Sinistcha|Matcha Gotcha|p2a: Grimmsnarl",
      "|-damage|p2a: Grimmsnarl|8/100",
      "|-heal|p1a: Sinistcha|23/100 par|[from] drain|[of] p2a: Grimmsnarl",
      "|",
      "|-heal|p1a: Sinistcha|29/100 par|[from] item: Leftovers",
      "|upkeep"
    ],
    "25": [
      "|",
      "|move|p2a: Grimmsnarl|Spirit Break|p1a: Sinistcha",
      "|-damage|p1a: Sinistcha|7/100 par",
      "|-unboost|p1a: Sinistcha|spa|1",
      "|cant|p1a: Sinistcha|par",
      "|",
      "|-heal|p1a: Sinistcha|14/100 par|[from] item: Leftovers",
      "|upkeep"
    ],
    "26": [
      "|",
      "|move|p2a: Grimmsnarl|Spirit Break|p1a: Sinistcha",
      "|-damage|p1a: Sinistcha|0 fnt",
      "|faint|p1a: Sinistcha",
      "|",
      "|-sideend|p2: doodoo stank|move: Light Screen",
      "|upkeep",
      "|",
      "|switch|p1a: Iron Valiant|Iron Valiant|100/100",
      "|-enditem|p1a: Iron Valiant|Booster Energy",
      "|-activate|p1a: Iron Valiant|ability: Quark Drive|[fromitem]",
      "|-start|p1a: Iron Valiant|quarkdrivespe"
    ],
    "27": [
      "|",
      "|move|p2a: Grimmsnarl|Thunder Wave|p1a: Iron Valiant",
      "|-status|p1a: Iron Valiant|par",
      "|move|p1a: Iron Valiant|Moonblast|p2a: Grimmsnarl",
      "|-supereffective|p2a: Grimmsnarl",
      "|-damage|p2a: Grimmsnarl|0 fnt",
      "|faint|p2a: Grimmsnarl",
      "|",
      "|upkeep",
      "|",
      "|switch|p2a: Iron Valiant|Iron Valiant|100/100",
      "|-enditem|p2a: Iron Valiant|Booster Energy",
      "|-activate|p2a: Iron Valiant|ability: Quark Drive|[fromitem]",
      "|-start|p2a: Iron Valiant|quarkdrivespe"
    ],
    "28": [
      "|",
      "|-terastallize|p2a: Iron Valiant|Steel",
      "|move|p2a: Iron Valiant|Moonblast|p1a: Iron Valiant",
      "|-supereffective|p1a: Iron Valiant",
      "|-damage|p1a: Iron Valiant|0 fnt",
      "|faint|p1a: Iron Valiant",
      "|-end|p1a: Iron Valiant|Quark Drive|[silent]",
      "|",
      "|win|doodoo stank"
    ]
  }
}