{
  "id": "gen9ou-2359105954",
  "format": "[Gen 9] OU",
  "players": [
    "jeieooe9w",
    "talon246"
  ],
  "pre_battle": [
    "|player|p1|jeieooe9w|cynthia|1497",
    "|player|p2|talon246|marlon|1512",
    "|teamsize|p1|6",
    "|teamsize|p2|6",
    "|gen|9",
    "|tier|[Gen 9] OU",
    "|clearpoke",
    "|teampreview",
    "|",
    "|start",
    "|switch|p1a: Dragapult|Dragapult, M|100/100",
    "|switch|p2a: Ting-Lu|Ting-Lu|100/100",
    "|-ability|p2a: Ting-Lu|Vessel of Ruin"
  ],
  "turns": {
    "1": [
      "|",
      "|move|p1a: Dragapult|U-turn|p2a: Ting-Lu",
      "|-supereffective|p2a: Ting-Lu",
      "|-damage|p2a: Ting-Lu|80/100",
      "|",
      "|switch|p1a: Ting-Lu|Ting-Lu|100/100|[from] U-turn",
      "|-ability|p1a: Ting-Lu|Vessel of Ruin",
      "|move|p2a: Ting-Lu|Spikes|p1a: Ting-Lu",
      "|-sidestart|p1: jeieooe9w|Spikes",
      "|",
      "|-heal|p2a: Ting-Lu|86/100|[from] item: Leftovers",
      "|upkeep"
    ],
    "2": [
      "|",
      "|move|p1a: Ting-Lu|Stealth Rock|p2a: Ting-Lu",
      "|-sidestart|p2: talon246|move: Stealth Rock",
      "|move|p2a: Ting-Lu|Whirlwind|p1a: Ting-Lu",
      "|drag|p1a: Ogerpon|Ogerpon-Wellspring, F|100/100",
      "|-damage|p1a: Ogerpon|88/100|[from] Spikes",
      "|",
      "|-heal|p2a: Ting-Lu|93/100|[from] item: Leftovers",
      "|upkeep"
    ],
    "3": [
      "|",
      "|switch|p2a: Zapdos|Zapdos|100/100",
      "|move|p1a: Ogerpon|Ivy Cudgel|p2a: Zapdos|[anim] Ivy Cudgel Water",
      "|-crit|p2a: Zapdos",
      "|-damage|p2a: Zapdos|43/100",
      "|",
      "|upkeep"
    ],
    "4": [
      "|",
      "|move|p1a: Ogerpon|Ivy Cudgel|p2a: Zapdos|[anim] Ivy Cudgel Water",
      "|-damage|p2a: Zapdos|0 fnt",
      "|faint|p2a: Zapdos",
      "|",
      "|upkeep",
      "|",
      "|switch|p2a: Iron Crown|Iron Crown|100/100",
      "|-damage|p2a: Iron Crown|94/100|[from] Stealth Rock"
    ],
    "5": [
      "|",
      "|move|p2a: Iron Crown|Psyshock|p1a: Ogerpon",
      "|-damage|p1a: Ogerpon|36/100",
      "|move|p1a: Ogerpon|Knock Off|p2a: Iron Crown",
      "|-supereffective|p2a: Iron Crown",
      "|-damage|p2a: Iron Crown|13/100",
      "|-enditem|p2a: Iron Crown|Choice Scarf|[from] move: Knock Off|[of] p1a: Ogerpon",
      "|",
      "|upkeep"
    ],
    "6": [
      "|",
      "|move|p1a: Ogerpon|Knock Off|p2a: Iron Crown",
      "|-supereffective|p2a: Iron Crown",
      "|-damage|p2a: Iron Crown|0 fnt",
      "|faint|p2a: Iron Crown",
      "|-end|p2a: Iron Crown|Quark Drive|[silent]",
      "|",
      "|upkeep",
      "|",
      "|switch|p2a: Weavile|Weavile, M|100/100",
      "|-ability|p2a: Weavile|Pressure"
    ],
    "7": [
      "|",
      "|switch|p1a: Moltres|Moltres|100/100",
      "|move|p2a: Weavile|Knock Off|p1a: Moltres",
      "|-damage|p1a: Moltres|48/100",
      "|-enditem|p1a: Moltres|Heavy-Duty Boots|[from] move: Knock Off|[of] p2a: Weavile",
      "|",
      "|upkeep"
    ],
    "8": [
      "|",
      "|move|p2a: Weavile|Triple Axel|p1a: Moltres",
      "|-damage|p1a: Moltres|37/100",
      "|-damage|p1a: Moltres|14/100",
      "|-damage|p1a: Moltres|0 fnt",
      "|faint|p1a: Moltres",
      "|-hitcount|p1: Moltres|3",
      "|",
      "|upkeep",
      "|",
      "|switch|p1a: Dragapult|Dragapult, M|100/100"
    ],
    "9": [
      "|",
      "|switch|p2a: Ting-Lu|Ting-Lu|93/100",
      "|-damage|p2a: Ting-Lu|86/100|[from] Stealth Rock",
      "|-ability|p2a: Ting-Lu|Vessel of Ruin",
      "|move|p1a: Dragapult|Thunder Wave|p2a: Ting-Lu",
      "|-immune|p2a: Ting-Lu",
      "|",
      "|-heal|p2a: Ting-Lu|93/100|[from] item: Leftovers",
      "|upkeep"
    ],
    "10": [
      "|",
      "|switch|p1a: Ting-Lu|Ting-Lu|100/100",
      "|-damage|p1a: Ting-Lu|88/100|[from] Spikes",
      "|-ability|p1a: Ting-Lu|Vessel of Ruin",
      "|move|p2a: Ting-Lu|Earthquake|p1a: Ting-Lu",
      "|-damage|p1a: Ting-Lu|67/100",
      "|",
      "|-heal|p2a: Ting-Lu|99/100|[from] item: Leftovers",
      "|upkeep"
    ],
    "11": [
      "|",
      "|move|p1a: Ting-Lu|Ruination|p2a: Ting-Lu",
      "|-damage|p2a: Ting-Lu|50/100",
      "|move|p2a: Ting-Lu|Whirlwind|p1a: Ting-Lu",
      "|drag|p1a: Slowking|Slowking-Galar, M|100/100",
      "|",
      "|-heal|p2a: Ting-Lu|56/100|[from] item: Leftovers",
      "|upkeep"
    ],
    "12": [
      "|",
      "|move|p2a: Ting-Lu|Earthquake|p1a: Slowking",
      "|-supereffective|p1a: Slowking",
      "|-damage|p1a: Slowking|25/100",
      "|move|p1a: Slowking|Toxic|p2a: Ting-Lu",
      "|-status|p2a: Ting-Lu|tox",
      "|",
      "|-heal|p2a: Ting-Lu|62/100 tox|[from] item: Leftovers",
      "|-damage|p2a: Ting-Lu|56/100 tox|[from] psn",
      "|upkeep"
    ],
    "13": [
      "|",
      "|switch|p1a: Ting-Lu|Ting-Lu|67/100",
      "|-damage|p1a: Ting-Lu|54/100|[from] Spikes",
      "|-ability|p1a: Ting-Lu|Vessel of Ruin",
      "|move|p2a: Ting-Lu|Spikes|p1a: Ting-Lu",
      "|-sidestart|p1: jeieooe9w|Spikes",
      "|",
      "|-heal|p2a: Ting-Lu|62/100 tox|[from] item: Leftovers",
      "|-damage|p2a: Ting-Lu|50/100 tox|[from] psn",
      "|upkeep"
    ],
    "14": [
      "|",
      "|move|p1a: Ting-Lu|Taunt|p2a: Ting-Lu",
      "|-start|p2a: Ting-Lu|move: Taunt",
      "|move|p2a: Ting-Lu|Earthquake|p1a: Ting-Lu",
      "|-damage|p1a: Ting-Lu|34/100",
      "|",
      "|-heal|p2a: Ting-Lu|56/100 tox|[from] item: Leftovers",
      "|-damage|p2a: Ting-Lu|37/100 tox|[from] psn",
      "|upkeep"
    ],
    "15": [
      "|",
      "|move|p1a: Ting-Lu|Earthquake|p2a: Ting-Lu",
      "|-damage|p2a: Ting-Lu|15/100 tox",
      "|move|p2a: Ting-Lu|Earthquake|p1a: Ting-Lu",
      "|-damage|p1a: Ting-Lu|13/100",
      "|",
      "|-heal|p2a: Ting-Lu|21/100 tox|[from] item: Leftovers",
      "|-damage|p2a: Ting-Lu|0 fnt|[from] psn",
      "|faint|p2a: Ting-Lu",
      "|upkeep",
      "|",
      "|switch|p2a: Weezing|Weezing-Galar, M|100/100",
      "|-ability|p2a: Weezing|Neutralizing Gas"
    ],
    "16": [
      "|",
      "|move|p1a: Ting-Lu|Taunt|p2a: Weezing",
      "|-start|p2a: Weezing|move: Taunt",
      "|move|p2a: Weezing|Strange Steam|p1a: Ting-Lu",
      "|-supereffective|p1a: Ting-Lu",
      "|-damage|p1a: Ting-Lu|0 fnt",
      "|faint|p1a: Ting-Lu",
      "|",
      "|upkeep",
      "|",
      "|switch|p1a: Dragapult|Dragapult, M|100/100"
    ],
    "17": [
      "|",
      "|move|p1a: Dragapult|Thunder Wave|p2a: Weezing",
      "|-status|p2a: Weezing|par",
      "|cant|p2a: Weezing|par",
      "|",
      "|upkeep"
    ],
    "18": [
      "|",
      "|move|p1a: Dragapult|Hex|p2a: Weezing",
      "|-damage|p2a: Weezing|18/100 par",
      "|cant|p2a: Weezing|par",
      "|",
      "|-end|p2a: Weezing|move: Taunt",
      "|upkeep"
    ],
    "19": [
      "|",
      "|move|p1a: Dragapult|Hex|p2a: Weezing",
      "|-damage|p2a: Weezing|0 fnt",
      "|faint|p2a: Weezing",
      "|-end|p2a: Weezing|ability: Neutralizing Gas",
      "|",
      "|upkeep",
      "|",
      "|switch|p2a: Weavile|Weavile, M|100/100",
      "|-ability|p2a: Weavile|Pressure"
    ],
    "20": [
      "|",
      "|move|p1a: Dragapult|Thunder Wave|p2a: Weavile",
      "|-status|p2a: Weavile|par",
      "|move|p2a: Weavile|Knock Off|p1a: Dragapult",
      "|-supereffective|p1a: Dragapult",
      "|-damage|p1a: Dragapult|0 fnt",
      "|-enditem|p1a: Dragapult|Heavy-Duty Boots|[from] move: Knock Off|[of] p2a: Weavile",
      "|faint|p1a: Dragapult",
      "|",
      "|upkeep",
      "|",
      "|switch|p1a: Ogerpon|Ogerpon-Wellspring, F|36/100",
      "|-damage|p1a: Ogerpon|20/100|[from] Spikes"
    ],
    "21": [
      "|",
      "|-terastallize|p1a: Ogerpon|Water",
      "|detailschange|p1a: Ogerpon|Ogerpon-Wellspring-Tera, F, tera:Water",
      "|-ability|p1a: Ogerpon|Embody Aspect (Wellspring)|boost",
      "|-boost|p1a: Ogerpon|spd|1",
      "|move|p1a: Ogerpon|Ivy Cudgel|p2a: Weavile|[anim] Ivy Cudgel Water",
      "|-damage|p2a: Weavile|0 fnt",
      "|faint|p2a: Weavile",
      "|",
      "|upkeep",
      "|",
      "|switch|p2a: Dragonite|Dragonite, M|100/100",
      "|-damage|p2a: Dragonite|76/100|[from] Stealth Rock"
    ],
    "22": [
      "|",
      "|-terastallize|p2a: Dragonite|Normal",
      "|move|p2a: Dragonite|Extreme Speed|p1a: Ogerpon",
      "|-damage|p1a: Ogerpon|0 fnt",
      "|faint|p1a: Ogerpon",
      "|",
      "|upkeep",
      "|",
      "|switch|p1a: Kommo-o|Kommo-o, F|100/100",
      "|-damage|p1a: Kommo-o|84/100|[from] Spikes"
    ],
    "23": [
      "|",
      "|move|p2a: Dragonite|Extreme Speed|p1a: Kommo-o",
      "|-damage|p1a: Kommo-o|13/100",
      "|move|p1a: Kommo-o|Close Combat|p2a: Dragonite",
      "|-supereffective|p2a: Dragonite",
      "|-damage|p2a: Dragonite|0 fnt",
      "|-unboost|p1a: Kommo-o|def|1",
      "|-unboost|p1a: Kommo-o|spd|1",
      "|faint|p2a: Dragonite",
      "|",
      "|win|jeieooe9w"
    ]
  }
}