{
  "id": "gen9ou-2359091228",
  "format": "[Gen 9] OU",
  "players": [
    "powerishunger",
    "Laxwood"
  ],
  "pre_battle": [
    "|player|p1|powerishunger|1|1413",
    "|player|p2|Laxwood|giovanni|1436",
    "|teamsize|p1|6",
    "|teamsize|p2|6",
    "|gen|9",
    "|tier|[Gen 9] OU",
    "|clearpoke",
    "|teampreview",
    "|",
    "|start",
    "|switch|p1a: Ogerpon|Ogerpon-Wellspring, F|100/100",
    "|switch|p2a: Nord VPN|Grimmsnarl, M|100/100",
    "|player|p1|"
  ],
  "turns": {
    "1": [
      "|",
      "|move|p2a: Nord VPN|Reflect|p2a: Nord VPN",
      "|-sidestart|p2: Laxwood|Reflect",
      "|move|p1a: Ogerpon|U-turn|p2a: Nord VPN",
      "|-damage|p2a: Nord VPN|90/100",
      "|",
      "|switch|p1a: Slowking|Slowking-Galar, M|100/100|[from] U-turn",
      "|",
      "|upkeep"
    ],
    "2": [
      "|",
      "|move|p2a: Nord VPN|Light Screen|p2a: Nord VPN",
      "|-sidestart|p2: Laxwood|move: Light Screen",
      "|move|p1a: Slowking|Sludge Bomb|p2a: Nord VPN",
      "|-supereffective|p2a: Nord VPN",
      "|-damage|p2a: Nord VPN|50/100",
      "|-status|p2a: Nord VPN|psn",
      "|",
      "|-damage|p2a: Nord VPN|38/100 psn|[from] psn",
      "|upkeep"
    ],
    "3": [
      "|",
      "|move|p2a: Nord VPN|Parting Shot|p1a: Slowking",
      "|-unboost|p1a: Slowking|atk|1",
      "|-unboost|p1a: Slowking|spa|1",
      "|",
      "|switch|p2a: Great Nose|Probopass, F|100/100|[from] Parting Shot",
      "|move|p1a: Slowking|Future Sight|p2a: Great Nose",
      "|-start|p1a: Slowking|move: Future Sight",
      "|",
      "|upkeep"
    ],
    "4": [
      "|",
      "|move|p2a: Great Nose|Stealth Rock|p1a: Slowking",
      "|-sidestart|p1: powerishunger|move: Stealth Rock",
      "|move|p1a: Slowking|Thunder Wave|p2a: Great Nose",
      "|-status|p2a: Great Nose|par",
      "|",
      "|upkeep"
    ],
    "5": [
      "|",
      "|move|p2a: Great Nose|Thunder Wave|p1a: Slowking",
      "|-status|p1a: Slowking|par",
      "|-prepare|p1a: Slowking|Chilly Reception|[premajor]",
      "|cant|p1a: Slowking|par",
      "|",
      "|-end|p2a: Great Nose|move: Future Sight",
      "|-resisted|p2a: Great Nose",
      "|-damage|p2a: Great Nose|95/100 par",
      "|upkeep"
    ],
    "6": [
      "|",
      "|switch|p2a: Iron CHOP|Iron Crown|100/100",
      "|-prepare|p1a: Slowking|Chilly Reception|[premajor]",
      "|cant|p1a: Slowking|par",
      "|",
      "|upkeep"
    ],
    "7": [
      "|",
      "|move|p2a: Iron CHOP|Agility|p2a: Iron CHOP",
      "|-boost|p2a: Iron CHOP|spe|2",
      "|-prepare|p1a: Slowking|Chilly Reception|[premajor]",
      "|move|p1a: Slowking|Chilly Reception|p1a: Slowking",
      "|-weather|Snowscape",
      "|",
      "|switch|p1a: Darkrai|Darkrai|100/100|[from] Chilly Reception",
      "|-damage|p1a: Darkrai|88/100|[from] Stealth Rock",
      "|",
      "|-weather|Snowscape|[upkeep]",
      "|upkeep"
    ],
    "8": [
      "|",
      "|move|p2a: Iron CHOP|Calm Mind|p2a: Iron CHOP",
      "|-boost|p2a: Iron CHOP|spa|1",
      "|-boost|p2a: Iron CHOP|spd|1",
      "|move|p1a: Darkrai|Trick|p2a: Iron CHOP",
      "|-activate|p1a: Darkrai|move: Trick|[of] p2a: Iron CHOP",
      "|-item|p2a: Iron CHOP|Choice Scarf|[from] move: Trick",
      "|-item|p1a: Darkrai|Weakness Policy|[from] move: Trick",
      "|",
      "|-weather|Snowscape|[upkeep]",
      "|-sideend|p2: Laxwood|Reflect",
      "|upkeep"
    ],
    "9": [
      "|",
      "|switch|p1a: Great Tusk|Great Tusk|100/100",
      "|-damage|p1a: Great Tusk|97/100|[from] Stealth Rock",
      "|move|p2a: Iron CHOP|Tachyon Cutter|p1a: Great Tusk",
      "|-damage|p1a: Great Tusk|49/100",
      "|-damage|p1a: Great Tusk|2/100",
      "|-hitcount|p1a: Great Tusk|2",
      "|",
      "|-weather|Snowscape|[upkeep]",
      "|-sideend|p2: Laxwood|move: Light Screen",
      "|upkeep"
    ],
    "10": [
      "|",
      "|move|p2a: Iron CHOP|Tachyon Cutter|p1a: Great Tusk",
      "|-crit|p1a: Great Tusk",
      "|-damage|p1a: Great Tusk|0 fnt",
      "|faint|p1a: Great Tusk",
      "|-end|p1a: Great Tusk|Protosynthesis|[silent]",
      "|-hitcount|p1: Great Tusk|1",
      "|",
      "|-weather|Snowscape|[upkeep]",
      "|upkeep",
      "|",
      "|switch|p1a: Zapdos|Zapdos|100/100",
      "|-damage|p1a: Zapdos|76/100|[from] Stealth Rock"
    ],
    "11": [
      "|",
      "|move|p2a: Iron CHOP|Tachyon Cutter|p1a: Zapdos",
      "|-resisted|p1a: Zapdos",
      "|-damage|p1a: Zapdos|53/100",
      "|-resisted|p1a: Zapdos",
      "|-damage|p1a: Zapdos|31/100",
      "|-hitcount|p1a: Zapdos|2",
      "|move|p1a: Zapdos|Roost|p1a: Zapdos",
      "|-heal|p1a: Zapdos|81/100",
      "|-singleturn|p1a: Zapdos|move: Roost",
      "|",
      "|-weather|none",
      "|upkeep"
    ],
    "12": [
      "|",
      "|-end|p2a: Iron CHOP|Quark Drive|[silent]",
      "|switch|p2a: Nord VPN|Grimmsnarl, M|38/100 psn",
      "|move|p1a: Zapdos|Heat Wave|p2a: Nord VPN",
      "|-damage|p2a: Nord VPN|0 fnt",
      "|faint|p2a: Nord VPN",
      "|",
      "|upkeep",
      "|",
      "|switch|p2a: Freeze Corleone|Kyurem|100/100",
      "|-ability|p2a: Freeze Corleone|Pressure"
    ],
    "13": [
      "|",
      "|move|p1a: Zapdos|Volt Switch|p2a: Freeze Corleone",
      "|-resisted|p2a: Freeze Corleone",
      "|-damage|p2a: Freeze Corleone|78/100",
      "|",
      "|switch|p1a: Slowking|Slowking-Galar, M|100/100 par|[from] Volt Switch",
      "|move|p2a: Freeze Corleone|Dragon Dance|p2a: Freeze Corleone",
      "|-boost|p2a: Freeze Corleone|atk|1",
      "|-boost|p2a: Freeze Corleone|spe|1",
      "|",
      "|upkeep"
    ],
    "14": [
      "|",
      "|move|p2a: Freeze Corleone|Icicle Spear|p1a: Slowking",
      "|-damage|p1a: Slowking|75/100 par",
      "|-damage|p1a: Slowking|49/100 par",
      "|-damage|p1a: Slowking|25/100 par",
      "|-damage|p1a: Slowking|2/100 par",
      "|-hitcount|p1a: Slowking|4",
      "|move|p1a: Slowking|Thunder Wave|p2a: Freeze Corleone|[miss]",
      "|-miss|p1a: Slowking|p2a: Freeze Corleone",
      "|",
      "|upkeep"
    ],
    "15": [
      "|",
      "|switch|p1a: Raging Bolt|Raging Bolt|100/100",
      "|-damage|p1a: Raging Bolt|88/100|[from] Stealth Rock",
      "|move|p2a: Freeze Corleone|Icicle Spear|p1a: Raging Bolt",
      "|-supereffective|p1a: Raging Bolt",
      "|-crit|p1a: Raging Bolt",
      "|-damage|p1a: Raging Bolt|22/100",
      "|-supereffective|p1a: Raging Bolt",
      "|-damage|p1a: Raging Bolt|0 fnt",
      "|faint|p1a: Raging Bolt",
      "|-end|p1a: Raging Bolt|Protosynthesis|[silent]",
      "|-hitcount|p1: Raging Bolt|2",
      "|",
      "|upkeep",
      "|",
      "|switch|p1a: Slowking|Slowking-Galar, M|36/100 par"
    ],
    "16": [
      "|",
      "|switch|p1a: Zapdos|Zapdos|81/100",
      "|-damage|p1a: Zapdos|57/100|[from] Stealth Rock",
      "|move|p2a: Freeze Corleone|Icicle Spear|p1a: Zapdos",
      "|-supereffective|p1a: Zapdos",
      "|-damage|p1a: Zapdos|2/100",
      "|-supereffective|p1a: Zapdos",
      "|-damage|p1a: Zapdos|0 fnt",
      "|faint|p1a: Zapdos",
      "|-hitcount|p1: Zapdos|2",
      "|",
      "|upkeep",
      "|",
      "|switch|p1a: Slowking|Slowking-Galar, M|69/100 par"
    ],
    "17": [
      "|",
      "|-terastallize|p2a: Freeze Corleone|Ice",
      "|-terastallize|p1a: Slowking|Water",
      "|move|p2a: Freeze Corleone|Icicle Spear|p1a: Slowking",
      "|-resisted|p1a: Slowking",
      "|-damage|p1a: Slowking|52/100 par",
      "|-resisted|p1a: Slowking",
      "|-damage|p1a: Slowking|35/100 par",
      "|-hitcount|p1a: Slowking|2",
      "|cant|p1a: Slowking|par",
      "|",
      "|upkeep"
    ],
    "18": [
      "|",
      "|move|p2a: Freeze Corleone|Freeze-Dry|p1a: Slowking",
      "|-supereffective|p1a: Slowking",
      "|-damage|p1a: Slowking|0 fnt",
      "|faint|p1a: Slowking",
      "|",
      "|upkeep",
      "|-message|powerishunger forfeited.",
      "|",
      "|win|Laxwood"
    ]
  }
}