{
  "id": "gen9ou-2359114442",
  "format": "[Gen 9] OU",
  "players": [
    "CACAFUFU",
    "Gavilu17"
  ],
  "pre_battle": [
    "|player|p1|CACAFUFU|1|1134",
    "|player|p2|Gavilu17|plasmagrunt-gen5bw|1137",
    "|teamsize|p1|6",
    "|teamsize|p2|6",
    "|gen|9",
    "|tier|[Gen 9] OU",
    "|clearpoke",
    "|teampreview",
    "|",
    "|start",
    "|switch|p1a: EuthanizeTheOld|Torkoal, M, shiny|100/100",
    "|switch|p2a: Ninetales|Ninetales, M, shiny|100/100",
    "|-weather|SunnyDay|[from] ability: Drought|[of] p2a: Ninetales",
    "|player|p2|",
    "|player|p1|"
  ],
  "turns": {
    "1": [
      "|",
      "|switch|p2a: Walking Wake|Walking Wake|100/100",
      "|-activate|p2a: Walking Wake|ability: Protosynthesis",
      "|-start|p2a: Walking Wake|protosynthesisspa",
      "|move|p1a: EuthanizeTheOld|Earth Power|p2a: Walking Wake",
      "|-damage|p2a: Walking Wake|69/100",
      "|",
      "|-weather|SunnyDay|[upkeep]",
      "|upkeep"
    ],
    "2": [
      "|",
      "|-terastallize|p1a: EuthanizeTheOld|Dragon",
      "|move|p2a: Walking Wake|Hydro Steam|p1a: EuthanizeTheOld",
      "|-resisted|p1a: EuthanizeTheOld",
      "|-damage|p1a: EuthanizeTheOld|7/100",
      "|move|p1a: EuthanizeTheOld|Solar Beam||[still]",
      "|-prepare|p1a: EuthanizeTheOld|Solar Beam",
      "|-anim|p1a: EuthanizeTheOld|Solar Beam|p2a: Walking Wake",
      "|-damage|p2a: Walking Wake|28/100",
      "|",
      "|-weather|SunnyDay|[upkeep]",
      "|upkeep"
    ],
    "3": [
      "|",
      "|move|p2a: Walking Wake|Hydro Steam|p1a: EuthanizeTheOld",
      "|-resisted|p1a: EuthanizeTheOld",
      "|-damage|p1a: EuthanizeTheOld|0 fnt",
      "|faint|p1a: EuthanizeTheOld",
      "|",
      "|-weather|SunnyDay|[upkeep]",
      "|upkeep",
      "|",
      "|switch|p1a: TheSloppiestTop|Victreebel, F|100/100"
    ],
    "4": [
      "|",
      "|-end|p2a: Walking Wake|Protosynthesis|[silent]",
      "|switch|p2a: Ceruledge|Ceruledge, M|100/100",
      "|move|p1a: TheSloppiestTop|Solar Beam||[still]",
      "|-prepare|p1a: TheSloppiestTop|Solar Beam",
      "|-anim|p1a: TheSloppiestTop|Solar Beam|p2a: Ceruledge",
      "|-resisted|p2a: Ceruledge",
      "|-damage|p2a: Ceruledge|57/100",
      "|-damage|p1a: TheSloppiestTop|91/100|[from] item: Life Orb",
      "|",
      "|-weather|SunnyDay|[upkeep]",
      "|upkeep"
    ],
    "5": [
      "|",
      "|move|p1a: TheSloppiestTop|Sucker Punch|p2a: Ceruledge",
      "|-supereffective|p2a: Ceruledge",
      "|-damage|p2a: Ceruledge|0 fnt",
      "|faint|p2a: Ceruledge",
      "|-damage|p1a: TheSloppiestTop|81/100|[from] item: Life Orb",
      "|",
      "|-weather|SunnyDay|[upkeep]",
      "|upkeep",
      "|",
      "|switch|p2a: BIastoise|Venusaur, M|100/100"
    ],
    "6": [
      "|",
      "|switch|p1a: Chandelure|Chandelure, M|100/100",
      "|move|p2a: BIastoise|Growth|p2a: BIastoise",
      "|-boost|p2a: BIastoise|atk|2",
      "|-boost|p2a: BIastoise|spa|2",
      "|",
      "|-weather|SunnyDay|[upkeep]",
      "|upkeep"
    ],
    "7": [
      "|",
      "|move|p2a: BIastoise|Sludge Bomb|p1a: Chandelure",
      "|-resisted|p1a: Chandelure",
      "|-damage|p1a: Chandelure|20/100",
      "|-damage|p2a: BIastoise|91/100|[from] item: Life Orb",
      "|move|p1a: Chandelure|Flamethrower|p2a: BIastoise",
      "|-supereffective|p2a: BIastoise",
      "|-damage|p2a: BIastoise|0 fnt",
      "|faint|p2a: BIastoise",
      "|",
      "|-weather|SunnyDay|[upkeep]",
      "|upkeep",
      "|",
      "|switch|p2a: Walking Wake|Walking Wake|28/100",
      "|-activate|p2a: Walking Wake|ability: Protosynthesis",
      "|-start|p2a: Walking Wake|protosynthesisspa"
    ],
    "8": [
      "|",
      "|move|p1a: Chandelure|Flamethrower|p2a: Walking Wake",
      "|-resisted|p2a: Walking Wake",
      "|-crit|p2a: Walking Wake",
      "|-damage|p2a: Walking Wake|0 fnt",
      "|faint|p2a: Walking Wake",
      "|-end|p2a: Walking Wake|Protosynthesis|[silent]",
      "|",
      "|-weather|none",
      "|upkeep",
      "|",
      "|switch|p2a: Great Tusk|Great Tusk, shiny|100/100"
    ],
    "9": [
      "|",
      "|switch|p1a: ShannonSharpFurry|Ninetales, M, shiny|100/100",
      "|-weather|SunnyDay|[from] ability: Drought|[of] p1a: ShannonSharpFurry",
      "|-activate|p2a: Great Tusk|ability: Protosynthesis",
      "|-start|p2a: Great Tusk|protosynthesisspe",
      "|move|p2a: Great Tusk|Headlong Rush|p1a: ShannonSharpFurry",
      "|-supereffective|p1a: ShannonSharpFurry",
      "|-enditem|p1a: ShannonSharpFurry|Focus Sash",
      "|-damage|p1a: ShannonSharpFurry|1/100",
      "|-unboost|p2a: Great Tusk|def|1",
      "|-unboost|p2a: Great Tusk|spd|1",
      "|",
      "|-weather|SunnyDay|[upkeep]",
      "|upkeep"
    ],
    "10": [
      "|",
      "|move|p2a: Great Tusk|Rapid Spin|p1a: ShannonSharpFurry",
      "|-damage|p1a: ShannonSharpFurry|0 fnt",
      "|-boost|p2a: Great Tusk|spe|1",
      "|faint|p1a: ShannonSharpFurry",
      "|",
      "|-weather|SunnyDay|[upkeep]",
      "|upkeep",
      "|",
      "|switch|p1a: TheStickyGooner|Sableye, F, shiny|100/100"
    ],
    "11": [
      "|",
      "|move|p1a: TheStickyGooner|Encore|p2a: Great Tusk",
      "|-start|p2a: Great Tusk|Encore",
      "|move|p2a: Great Tusk|Rapid Spin|p1a: TheStickyGooner",
      "|-immune|p1a: TheStickyGooner",
      "|",
      "|-weather|SunnyDay|[upkeep]",
      "|upkeep"
    ],
    "12": [
      "|",
      "|-end|p2a: Great Tusk|Protosynthesis|[silent]",
      "|switch|p2a: Ninetales|Ninetales, M, shiny|100/100",
      "|switch|p1a: Chandelure|Chandelure, M|20/100",
      "|",
      "|-weather|SunnyDay|[upkeep]",
      "|upkeep"
    ],
    "13": [
      "|",
      "|move|p1a: Chandelure|Shadow Ball|p2a: Ninetales",
      "|-damage|p2a: Ninetales|48/100",
      "|move|p2a: Ninetales|Flamethrower|p1a: Chandelure",
      "|-start|p1a: Chandelure|ability: Flash Fire",
      "|",
      "|-weather|none",
      "|upkeep"
    ],
    "14": [
      "|",
      "|switch|p2a: Great Tusk|Great Tusk, shiny|100/100",
      "|move|p1a: Chandelure|Shadow Ball|p2a: Great Tusk",
      "|-damage|p2a: Great Tusk|33/100",
      "|",
      "|upkeep"
    ],
    "15": [
      "|",
      "|move|p1a: Chandelure|Shadow Ball|p2a: Great Tusk",
      "|-damage|p2a: Great Tusk|0 fnt",
      "|faint|p2a: Great Tusk",
      "|-end|p2a: Great Tusk|Protosynthesis|[silent]",
      "|",
      "|upkeep",
      "|",
      "|switch|p2a: Hatterene|Hatterene, F, shiny|100/100"
    ],
    "16": [
      "|",
      "|move|p1a: Chandelure|Shadow Ball|p2a: Hatterene",
      "|-supereffective|p2a: Hatterene",
      "|-damage|p2a: Hatterene|6/100",
      "|-unboost|p2a: Hatterene|spd|1",
      "|-enditem|p2a: Hatterene|Eject Button",
      "|",
      "|switch|p2a: Ninetales|Ninetales, M, shiny|48/100",
      "|-weather|SunnyDay|[from] ability: Drought|[of] p2a: Ninetales",
      "|",
      "|-weather|SunnyDay|[upkeep]",
      "|upkeep"
    ],
    "17": [
      "|",
      "|move|p1a: Chandelure|Shadow Ball|p2a: Ninetales",
      "|-damage|p2a: Ninetales|3/100",
      "|move|p2a: Ninetales|Healing Wish|p2a: Ninetales",
      "|faint|p2a: Ninetales",
      "|",
      "|-weather|SunnyDay|[upkeep]",
      "|upkeep",
      "|",
      "|switch|p2a: Hatterene|Hatterene, F, shiny|6/100",
      "|-heal|p2a: Hatterene|100/100|[from] move: Healing Wish"
    ],
    "18": [
      "|",
      "|move|p1a: Chandelure|Shadow Ball|p2a: Hatterene",
      "|-supereffective|p2a: Hatterene",
      "|-damage|p2a: Hatterene|2/100",
      "|move|p2a: Hatterene|Dazzling Gleam|p1a: Chandelure",
      "|-resisted|p1a: Chandelure",
      "|-damage|p1a: Chandelure|0 fnt",
      "|faint|p1a: Chandelure",
      "|",
      "|-weather|SunnyDay|[upkeep]",
      "|upkeep",
      "|",
      "|switch|p1a: TheSloppiestTop|Victreebel, F|81/100"
    ],
    "19": [
      "|",
      "|-terastallize|p2a: Hatterene|Steel",
      "|move|p1a: TheSloppiestTop|Sludge Wave|p2a: Hatterene",
      "|-immune|p2a: Hatterene",
      "|move|p2a: Hatterene|Nuzzle|p1a: TheSloppiestTop",
      "|-resisted|p1a: TheSloppiestTop",
      "|-damage|p1a: TheSloppiestTop|77/100",
      "|-status|p1a: TheSloppiestTop|par",
      "|",
      "|-weather|SunnyDay|[upkeep]",
      "|upkeep"
    ],
    "20": [
      "|",
      "|move|p1a: TheSloppiestTop|Weather Ball|p2a: Hatterene",
      "|-supereffective|p2a: Hatterene",
      "|-damage|p2a: Hatterene|0 fnt",
      "|faint|p2a: Hatterene",
      "|-damage|p1a: TheSloppiestTop|67/100 par|[from] item: Life Orb",
      "|",
      "|win|CACAFUFU"
    ]
  }
}