{
  "id": "gen9ou-2359089582",
  "format": "[Gen 9] OU",
  "players": [
    "jeieooe9w",
    "ContessaFortuna"
  ],
  "pre_battle": [
    "|player|p1|jeieooe9w|cynthia|1439",
    "|player|p2|ContessaFortuna|acetrainerf-gen4|1380",
    "|teamsize|p1|6",
    "|teamsize|p2|6",
    "|gen|9",
    "|tier|[Gen 9] OU",
    "|clearpoke",
    "|teampreview",
    "|",
    "|start",
    "|switch|p1a: Scizor|Scizor, F|100/100",
    "|switch|p2a: Hatterene|Hatterene, F|100/100",
    "|player|p2|"
  ],
  "turns": {
    "1": [
      "|",
      "|switch|p2a: Cresselia|Cresselia, F|100/100",
      "|move|p1a: Scizor|U-turn|p2a: Cresselia",
      "|-supereffective|p2a: Cresselia",
      "|-damage|p2a: Cresselia|41/100",
      "|",
      "|switch|p1a: Weavile|Weavile, F|100/100|[from] U-turn",
      "|-ability|p1a: Weavile|Pressure",
      "|",
      "|upkeep"
    ],
    "2": [
      "|",
      "|switch|p2a: Kingambit|Kingambit, F|100/100",
      "|move|p1a: Weavile|Knock Off|p2a: Kingambit",
      "|-resisted|p2a: Kingambit",
      "|-damage|p2a: Kingambit|83/100",
      "|-enditem|p2a: Kingambit|Leftovers|[from] move: Knock Off|[of] p1a: Weavile",
      "|",
      "|upkeep"
    ],
    "3": [
      "|",
      "|switch|p1a: Ting-Lu|Ting-Lu|100/100",
      "|-ability|p1a: Ting-Lu|Vessel of Ruin",
      "|move|p2a: Kingambit|Swords Dance|p2a: Kingambit",
      "|-boost|p2a: Kingambit|atk|2",
      "|",
      "|upkeep"
    ],
    "4": [
      "|",
      "|move|p1a: Ting-Lu|Earthquake|p2a: Kingambit",
      "|-supereffective|p2a: Kingambit",
      "|-damage|p2a: Kingambit|23/100",
      "|move|p2a: Kingambit|Iron Head|p1a: Ting-Lu",
      "|-damage|p1a: Ting-Lu|45/100",
      "|-damage|p2a: Kingambit|7/100|[from] item: Rocky Helmet|[of] p1a: Ting-Lu",
      "|",
      "|upkeep"
    ],
    "5": [
      "|",
      "|-end|p2a: Kingambit|fallenundefined|[silent]",
      "|switch|p2a: Cresselia|Cresselia, F|41/100",
      "|move|p1a: Ting-Lu|Earthquake|p2a: Cresselia",
      "|-immune|p2a: Cresselia|[from] ability: Levitate",
      "|",
      "|upkeep"
    ],
    "6": [
      "|",
      "|move|p1a: Ting-Lu|Stealth Rock|p2a: Cresselia",
      "|-sidestart|p2: ContessaFortuna|move: Stealth Rock",
      "|move|p2a: Cresselia|Ice Beam|p1a: Ting-Lu",
      "|-supereffective|p1a: Ting-Lu",
      "|-damage|p1a: Ting-Lu|24/100",
      "|",
      "|upkeep"
    ],
    "7": [
      "|",
      "|move|p1a: Ting-Lu|Taunt|p2a: Cresselia",
      "|-start|p2a: Cresselia|move: Taunt",
      "|-enditem|p2a: Cresselia|Mental Herb",
      "|-end|p2a: Cresselia|move: Taunt",
      "|move|p2a: Cresselia|Moonlight|p2a: Cresselia",
      "|-heal|p2a: Cresselia|91/100",
      "|",
      "|upkeep"
    ],
    "8": [
      "|",
      "|move|p1a: Ting-Lu|Taunt|p2a: Cresselia",
      "|-start|p2a: Cresselia|move: Taunt",
      "|move|p2a: Cresselia|Ice Beam|p1a: Ting-Lu",
      "|-supereffective|p1a: Ting-Lu",
      "|-damage|p1a: Ting-Lu|3/100",
      "|",
      "|upkeep"
    ],
    "9": [
      "|",
      "|switch|p1a: Scizor|Scizor, F|100/100",
      "|move|p2a: Cresselia|Ice Beam|p1a: Scizor",
      "|-resisted|p1a: Scizor",
      "|-damage|p1a: Scizor|90/100",
      "|",
      "|upkeep"
    ],
    "10": [
      "|",
      "|switch|p2a: Iron Hands|Iron Hands|100/100",
      "|-damage|p2a: Iron Hands|94/100|[from] Stealth Rock",
      "|-enditem|p2a: Iron Hands|Booster Energy",
      "|-activate|p2a: Iron Hands|ability: Quark Drive|[fromitem]",
      "|-start|p2a: Iron Hands|quarkdriveatk",
      "|move|p1a: Scizor|U-turn|p2a: Iron Hands",
      "|-resisted|p2a: Iron Hands",
      "|-damage|p2a: Iron Hands|71/100",
      "|",
      "|switch|p1a: Great Tusk|Great Tusk|100/100|[from] U-turn",
      "|-enditem|p1a: Great Tusk|Booster Energy",
      "|-activate|p1a: Great Tusk|ability: Protosynthesis|[fromitem]",
      "|-start|p1a: Great Tusk|protosynthesisatk",
      "|",
      "|upkeep"
    ],
    "11": [
      "|",
      "|-terastallize|p2a: Iron Hands|Flying",
      "|move|p1a: Great Tusk|Taunt|p2a: Iron Hands",
      "|-start|p2a: Iron Hands|move: Taunt",
      "|cant|p2a: Iron Hands|move: Taunt|Swords Dance",
      "|",
      "|upkeep"
    ],
    "12": [
      "|",
      "|-end|p1a: Great Tusk|Protosynthesis|[silent]",
      "|switch|p1a: Raging Bolt|Raging Bolt|100/100",
      "|-enditem|p1a: Raging Bolt|Booster Energy",
      "|-activate|p1a: Raging Bolt|ability: Protosynthesis|[fromitem]",
      "|-start|p1a: Raging Bolt|protosynthesisspa",
      "|move|p2a: Iron Hands|Ice Punch|p1a: Raging Bolt",
      "|-supereffective|p1a: Raging Bolt",
      "|-damage|p1a: Raging Bolt|26/100",
      "|",
      "|upkeep"
    ],
    "13": [
      "|",
      "|move|p1a: Raging Bolt|Thunderbolt|p2a: Iron Hands",
      "|-supereffective|p2a: Iron Hands",
      "|-damage|p2a: Iron Hands|0 fnt",
      "|faint|p2a: Iron Hands",
      "|-end|p2a: Iron Hands|Quark Drive|[silent]",
      "|",
      "|upkeep",
      "|",
      "|switch|p2a: Dragonite|Dragonite, F|100/100",
      "|-damage|p2a: Dragonite|76/100|[from] Stealth Rock"
    ],
    "14": [
      "|",
      "|-end|p1a: Raging Bolt|Protosynthesis|[silent]",
      "|switch|p1a: Ting-Lu|Ting-Lu|3/100",
      "|-ability|p1a: Ting-Lu|Vessel of Ruin",
      "|move|p2a: Dragonite|Extreme Speed|p1a: Ting-Lu",
      "|-damage|p1a: Ting-Lu|0 fnt",
      "|-damage|p2a: Dragonite|59/100|[from] item: Rocky Helmet|[of] p1a: Ting-Lu",
      "|faint|p1a: Ting-Lu",
      "|",
      "|upkeep",
      "|",
      "|switch|p1a: Enamorus|Enamorus-Therian, F|100/100"
    ],
    "15": [
      "|",
      "|switch|p2a: Primarina|Primarina, M|100/100",
      "|-damage|p2a: Primarina|88/100|[from] Stealth Rock",
      "|move|p1a: Enamorus|Draining Kiss|p2a: Primarina",
      "|-damage|p2a: Primarina|75/100",
      "|",
      "|upkeep"
    ],
    "16": [
      "|",
      "|move|p1a: Enamorus|Calm Mind|p1a: Enamorus",
      "|-boost|p1a: Enamorus|spa|1",
      "|-boost|p1a: Enamorus|spd|1",
      "|move|p2a: Primarina|Surf|p1a: Enamorus",
      "|-damage|p1a: Enamorus|68/100",
      "|",
      "|upkeep"
    ],
    "17": [
      "|",
      "|move|p1a: Enamorus|Calm Mind|p1a: Enamorus",
      "|-boost|p1a: Enamorus|spa|1",
      "|-boost|p1a: Enamorus|spd|1",
      "|move|p2a: Primarina|Surf|p1a: Enamorus",
      "|-damage|p1a: Enamorus|42/100",
      "|",
      "|upkeep"
    ],
    "18": [
      "|",
      "|move|p1a: Enamorus|Draining Kiss|p2a: Primarina",
      "|-damage|p2a: Primarina|47/100",
      "|-heal|p1a: Enamorus|64/100|[from] drain|[of] p2a: Primarina",
      "|move|p2a: Primarina|Surf|p1a: Enamorus",
      "|-damage|p1a: Enamorus|38/100",
      "|",
      "|upkeep"
    ],
    "19": [
      "|",
      "|move|p1a: Enamorus|Draining Kiss|p2a: Primarina",
      "|-damage|p2a: Primarina|17/100",
      "|-heal|p1a: Enamorus|61/100|[from] drain|[of] p2a: Primarina",
      "|move|p2a: Primarina|Psychic Noise|p1a: Enamorus",
      "|-damage|p1a: Enamorus|48/100",
      "|",
      "|upkeep"
    ],
    "20": [
      "|",
      "|switch|p2a: Cresselia|Cresselia, F|91/100",
      "|-damage|p2a: Cresselia|78/100|[from] Stealth Rock",
      "|move|p1a: Enamorus|Draining Kiss|p2a: Cresselia",
      "|-damage|p2a: Cresselia|44/100",
      "|-heal|p1a: Enamorus|80/100|[from] drain|[of] p2a: Cresselia",
      "|",
      "|upkeep"
    ],
    "21": [
      "|-message|ContessaFortuna forfeited.",
      "|",
      "|win|jeieooe9w"
    ]
  }
}