{
  "id": "gen9ou-2359109227",
  "format": "[Gen 9] OU",
  "players": [
    "cruzrooni",
    "rhymes with grug"
  ],
  "pre_battle": [
    "|player|p1|cruzrooni|pokekid|1129",
    "|player|p2|rhymes with grug|steven|1179",
    "|teamsize|p1|6",
    "|teamsize|p2|6",
    "|gen|9",
    "|tier|[Gen 9] OU",
    "|clearpoke",
    "|teampreview",
    "|",
    "|start",
    "|switch|p1a: Cinderace|Cinderace, F|100/100",
    "|switch|p2a: Landorus|Landorus-Therian, M|100/100",
    "|-ability|p2a: Landorus|Intimidate|boost",
    "|-unboost|p1a: Cinderace|atk|1",
    "|player|p1|"
  ],
  "turns": {
    "1": [
      "|",
      "|move|p1a: Cinderace|U-turn|p2a: Landorus",
      "|-start|p1a: Cinderace|typechange|Bug|[from] ability: Libero",
      "|-resisted|p2a: Landorus",
      "|-crit|p2a: Landorus",
      "|-damage|p2a: Landorus|72/100",
      "|",
      "|switch|p1a: Gliscor|Gliscor, M|100/100|[from] U-turn",
      "|move|p2a: Landorus|Stone Edge|p1a: Gliscor|[miss]",
      "|-miss|p2a: Landorus|p1a: Gliscor",
      "|",
      "|-status|p1a: Gliscor|tox|[from] item: Toxic Orb",
      "|upkeep"
    ],
    "2": [
      "|",
      "|move|p2a: Landorus|Stealth Rock|p1a: Gliscor",
      "|-sidestart|p1: cruzrooni|move: Stealth Rock",
      "|move|p1a: Gliscor|Toxic|p2a: Landorus",
      "|-status|p2a: Landorus|tox",
      "|",
      "|-damage|p2a: Landorus|66/100 tox|[from] psn",
      "|upkeep"
    ],
    "3": [
      "|",
      "|move|p2a: Landorus|U-turn|p1a: Gliscor",
      "|-resisted|p1a: Gliscor",
      "|-damage|p1a: Gliscor|93/100 tox",
      "|",
      "|switch|p2a: Primarina|Primarina, M|100/100|[from] U-turn",
      "|move|p1a: Gliscor|Toxic|p2a: Primarina|[miss]",
      "|-miss|p1a: Gliscor|p2a: Primarina",
      "|",
      "|-heal|p1a: Gliscor|100/100 tox|[from] ability: Poison Heal",
      "|upkeep"
    ],
    "4": [
      "|",
      "|switch|p1a: Slowking|Slowking-Galar, F, shiny|100/100",
      "|-damage|p1a: Slowking|88/100|[from] Stealth Rock",
      "|move|p2a: Primarina|Flip Turn|p1a: Slowking",
      "|-damage|p1a: Slowking|72/100",
      "|",
      "|switch|p2a: Weavile|Weavile, M|100/100|[from] Flip Turn",
      "|-ability|p2a: Weavile|Pressure",
      "|",
      "|upkeep"
    ],
    "5": [
      "|",
      "|move|p2a: Weavile|Knock Off|p1a: Slowking",
      "|-supereffective|p1a: Slowking",
      "|-damage|p1a: Slowking|0 fnt",
      "|-enditem|p1a: Slowking|Assault Vest|[from] move: Knock Off|[of] p2a: Weavile",
      "|faint|p1a: Slowking",
      "|",
      "|upkeep",
      "|",
      "|switch|p1a: Cinderace|Cinderace, F|100/100"
    ],
    "6": [
      "|",
      "|move|p2a: Weavile|Knock Off|p1a: Cinderace",
      "|-damage|p1a: Cinderace|2/100",
      "|-enditem|p1a: Cinderace|Heavy-Duty Boots|[from] move: Knock Off|[of] p2a: Weavile",
      "|move|p1a: Cinderace|Court Change|p1a: Cinderace",
      "|-start|p1a: Cinderace|typechange|Normal|[from] ability: Libero",
      "|-swapsideconditions",
      "|-activate|p1a: Cinderace|move: Court Change",
      "|",
      "|upkeep"
    ],
    "7": [
      "|",
      "|move|p2a: Weavile|Knock Off|p1a: Cinderace",
      "|-damage|p1a: Cinderace|0 fnt",
      "|faint|p1a: Cinderace",
      "|",
      "|upkeep",
      "|",
      "|switch|p1a: Lilligant|Lilligant-Hisui, F|100/100"
    ],
    "8": [
      "|",
      "|move|p2a: Weavile|Knock Off|p1a: Lilligant",
      "|-resisted|p1a: Lilligant",
      "|-damage|p1a: Lilligant|42/100",
      "|-enditem|p1a: Lilligant|Wide Lens|[from] move: Knock Off|[of] p2a: Weavile",
      "|move|p1a: Lilligant|Victory Dance|p1a: Lilligant",
      "|-boost|p1a: Lilligant|atk|1",
      "|-boost|p1a: Lilligant|def|1",
      "|-boost|p1a: Lilligant|spe|1",
      "|",
      "|upkeep"
    ],
    "9": [
      "|",
      "|move|p1a: Lilligant|Close Combat|p2a: Weavile",
      "|-supereffective|p2a: Weavile",
      "|-damage|p2a: Weavile|0 fnt",
      "|-unboost|p1a: Lilligant|def|1",
      "|-unboost|p1a: Lilligant|spd|1",
      "|faint|p2a: Weavile",
      "|",
      "|upkeep",
      "|",
      "|switch|p2a: Zamazenta|Zamazenta|100/100",
      "|-damage|p2a: Zamazenta|94/100|[from] Stealth Rock",
      "|-ability|p2a: Zamazenta|Dauntless Shield|boost",
      "|-boost|p2a: Zamazenta|def|1"
    ],
    "10": [
      "|",
      "|move|p1a: Lilligant|Petal Blizzard|p2a: Zamazenta",
      "|-damage|p2a: Zamazenta|47/100",
      "|move|p2a: Zamazenta|Roar|p1a: Lilligant",
      "|drag|p1a: Noivern|Noivern, M|100/100",
      "|",
      "|-heal|p2a: Zamazenta|53/100|[from] item: Leftovers",
      "|upkeep"
    ],
    "11": [
      "|",
      "|switch|p2a: Primarina|Primarina, M|100/100",
      "|-damage|p2a: Primarina|88/100|[from] Stealth Rock",
      "|move|p1a: Noivern|Air Slash|p2a: Primarina",
      "|-damage|p2a: Primarina|57/100",
      "|",
      "|upkeep"
    ],
    "12": [
      "|",
      "|switch|p1a: Lilligant|Lilligant-Hisui, F|42/100",
      "|move|p2a: Primarina|Moonblast|p1a: Lilligant",
      "|-supereffective|p1a: Lilligant",
      "|-damage|p1a: Lilligant|0 fnt",
      "|faint|p1a: Lilligant",
      "|",
      "|upkeep",
      "|",
      "|switch|p1a: Gliscor|Gliscor, M|100/100 tox"
    ],
    "13": [
      "|",
      "|-terastallize|p1a: Gliscor|Water",
      "|move|p1a: Gliscor|Toxic|p2a: Primarina",
      "|-status|p2a: Primarina|tox",
      "|move|p2a: Primarina|Surf|p1a: Gliscor",
      "|-resisted|p1a: Gliscor",
      "|-damage|p1a: Gliscor|69/100 tox",
      "|",
      "|-heal|p1a: Gliscor|81/100 tox|[from] ability: Poison Heal",
      "|-damage|p2a: Primarina|51/100 tox|[from] psn",
      "|upkeep"
    ],
    "14": [
      "|",
      "|move|p1a: Gliscor|Protect|p1a: Gliscor",
      "|-singleturn|p1a: Gliscor|Protect",
      "|move|p2a: Primarina|Psychic Noise|p1a: Gliscor",
      "|-activate|p1a: Gliscor|move: Protect",
      "|",
      "|-heal|p1a: Gliscor|94/100 tox|[from] ability: Poison Heal",
      "|-damage|p2a: Primarina|38/100 tox|[from] psn",
      "|upkeep"
    ],
    "15": [
      "|",
      "|move|p1a: Gliscor|Earthquake|p2a: Primarina",
      "|-damage|p2a: Primarina|0 fnt",
      "|faint|p2a: Primarina",
      "|",
      "|-heal|p1a: Gliscor|100/100 tox|[from] ability: Poison Heal",
      "|upkeep",
      "|",
      "|switch|p2a: Iron Crown|Iron Crown|100/100",
      "|-damage|p2a: Iron Crown|94/100|[from] Stealth Rock"
    ],
    "16": [
      "|",
      "|move|p2a: Iron Crown|Volt Switch|p1a: Gliscor",
      "|-supereffective|p1a: Gliscor",
      "|-damage|p1a: Gliscor|46/100 tox",
      "|",
      "|-end|p2a: Iron Crown|Quark Drive|[silent]",
      "|switch|p2a: Landorus|Landorus-Therian, M|66/100 tox|[from] Volt Switch",
      "|-damage|p2a: Landorus|54/100 tox|[from] Stealth Rock",
      "|-ability|p2a: Landorus|Intimidate|boost",
      "|-unboost|p1a: Gliscor|atk|1",
      "|move|p1a: Gliscor|Earthquake|p2a: Landorus",
      "|-immune|p2a: Landorus",
      "|",
      "|-damage|p2a: Landorus|48/100 tox|[from] psn",
      "|-heal|p1a: Gliscor|59/100 tox|[from] ability: Poison Heal",
      "|upkeep"
    ],
    "17": [
      "|",
      "|switch|p1a: Greninja|Greninja, M|100/100",
      "|move|p2a: Landorus|Stealth Rock|p1a: Greninja",
      "|-sidestart|p1: cruzrooni|move: Stealth Rock",
      "|",
      "|-damage|p2a: Landorus|35/100 tox|[from] psn",
      "|upkeep"
    ],
    "18": [
      "|",
      "|move|p1a: Greninja|Surf|p2a: Landorus",
      "|-supereffective|p2a: Landorus",
      "|-damage|p2a: Landorus|0 fnt",
      "|faint|p2a: Landorus",
      "|-ability|p1a: Greninja|Battle Bond|boost",
      "|-boost|p1a: Greninja|atk|1",
      "|-boost|p1a: Greninja|spa|1",
      "|-boost|p1a: Greninja|spe|1",
      "|-activate|p1a: Greninja|ability: Battle Bond",
      "|",
      "|upkeep",
      "|",
      "|switch|p2a: Iron Crown|Iron Crown|94/100",
      "|-damage|p2a: Iron Crown|88/100|[from] Stealth Rock"
    ],
    "19": [
      "|",
      "|-terastallize|p2a: Iron Crown|Fighting",
      "|move|p1a: Greninja|Dark Pulse|p2a: Iron Crown",
      "|-resisted|p2a: Iron Crown",
      "|-damage|p2a: Iron Crown|70/100",
      "|move|p2a: Iron Crown|Volt Switch|p1a: Greninja",
      "|-supereffective|p1a: Greninja",
      "|-damage|p1a: Greninja|22/100",
      "|",
      "|-end|p2a: Iron Crown|Quark Drive|[silent]",
      "|switch|p2a: Zamazenta|Zamazenta|53/100|[from] Volt Switch",
      "|-damage|p2a: Zamazenta|47/100|[from] Stealth Rock",
      "|",
      "|-heal|p2a: Zamazenta|53/100|[from] item: Leftovers",
      "|upkeep"
    ],
    "20": [
      "|",
      "|move|p1a: Greninja|Surf|p2a: Zamazenta",
      "|-damage|p2a: Zamazenta|6/100",
      "|move|p2a: Zamazenta|Body Press|p1a: Greninja",
      "|-supereffective|p1a: Greninja",
      "|-damage|p1a: Greninja|0 fnt",
      "|faint|p1a: Greninja",
      "|",
      "|-heal|p2a: Zamazenta|13/100|[from] item: Leftovers",
      "|upkeep",
      "|",
      "|switch|p1a: Noivern|Noivern, M|100/100",
      "|-damage|p1a: Noivern|75/100|[from] Stealth Rock"
    ],
    "21": [
      "|",
      "|move|p2a: Zamazenta|Crunch|p1a: Noivern",
      "|-damage|p1a: Noivern|49/100",
      "|move|p1a: Noivern|Air Slash|p2a: Zamazenta",
      "|-supereffective|p2a: Zamazenta",
      "|-damage|p2a: Zamazenta|0 fnt",
      "|faint|p2a: Zamazenta",
      "|",
      "|upkeep",
      "|",
      "|switch|p2a: Gholdengo|Gholdengo|100/100",
      "|-damage|p2a: Gholdengo|94/100|[from] Stealth Rock",
      "|-item|p2a: Gholdengo|Air Balloon"
    ],
    "22": [
      "|",
      "|move|p1a: Noivern|Air Slash|p2a: Gholdengo",
      "|-resisted|p2a: Gholdengo",
      "|-damage|p2a: Gholdengo|73/100",
      "|-enditem|p2a: Gholdengo|Air Balloon",
      "|move|p2a: Gholdengo|Hex|p1a: Noivern",
      "|-damage|p1a: Noivern|9/100",
      "|",
      "|upkeep"
    ],
    "23": [
      "|",
      "|move|p1a: Noivern|Air Slash|p2a: Gholdengo",
      "|-resisted|p2a: Gholdengo",
      "|-damage|p2a: Gholdengo|50/100",
      "|move|p2a: Gholdengo|Thunder Wave|p1a: Noivern",
      "|-status|p1a: Noivern|par",
      "|",
      "|upkeep"
    ],
    "24": [
      "|",
      "|move|p2a: Gholdengo|Recover|p2a: Gholdengo",
      "|-heal|p2a: Gholdengo|99/100",
      "|cant|p1a: Noivern|par",
      "|",
      "|upkeep"
    ],
    "25": [
      "|",
      "|move|p2a: Gholdengo|Hex|p1a: Noivern",
      "|-damage|p1a: Noivern|0 fnt",
      "|faint|p1a: Noivern",
      "|",
      "|upkeep",
      "|",
      "|switch|p1a: Gliscor|Gliscor, M, tera:Water|59/100 tox",
      "|-damage|p1a: Gliscor|46/100 tox|[from] Stealth Rock"
    ],
    "26": [
      "|",
      "|move|p1a: Gliscor|Protect|p1a: Gliscor",
      "|-singleturn|p1a: Gliscor|Protect",
      "|move|p2a: Gholdengo|Hex|p1a: Gliscor",
      "|-activate|p1a: Gliscor|move: Protect",
      "|",
      "|-heal|p1a: Gliscor|59/100 tox|[from] ability: Poison Heal",
      "|upkeep"
    ],
    "27": [
      "|",
      "|move|p1a: Gliscor|Earthquake|p2a: Gholdengo",
      "|-supereffective|p2a: Gholdengo",
      "|-damage|p2a: Gholdengo|56/100",
      "|move|p2a: Gholdengo|Hex|p1a: Gliscor",
      "|-crit|p1a: Gliscor",
      "|-damage|p1a: Gliscor|0 fnt",
      "|faint|p1a: Gliscor",
      "|",
      "|win|rhymes with grug"
    ]
  }
}