{
  "id": "gen9ou-2359122226",
  "format": "[Gen 9] OU",
  "players": [
    "non0m0",
    "FLACH2.1"
  ],
  "pre_battle": [
    "|player|p1|non0m0|janitor|1436",
    "|player|p2|FLACH2.1|mira|1442",
    "|teamsize|p1|6",
    "|teamsize|p2|6",
    "|gen|9",
    "|tier|[Gen 9] OU",
    "|clearpoke",
    "|teampreview",
    "|",
    "|start",
    "|switch|p1a: Flying shark|Garchomp, M|100/100",
    "|switch|p2a: Ninetales|Ninetales, F, shiny|100/100",
    "|-weather|SunnyDay|[from] ability: Drought|[of] p2a: Ninetales",
    "|player|p1|",
    "|player|p2|"
  ],
  "turns": {
    "1": [
      "|",
      "|switch|p2a: Corviknight|Corviknight, M|100/100",
      "|move|p1a: Flying shark|Earthquake|p2a: Corviknight",
      "|-immune|p2a: Corviknight",
      "|",
      "|-weather|SunnyDay|[upkeep]",
      "|upkeep"
    ],
    "2": [
      "|",
      "|move|p1a: Flying shark|Swords Dance|p1a: Flying shark",
      "|-boost|p1a: Flying shark|atk|2",
      "|move|p2a: Corviknight|U-turn|p1a: Flying shark",
      "|-damage|p1a: Flying shark|87/100",
      "|-damage|p2a: Corviknight|88/100|[from] ability: Rough Skin|[of] p1a: Flying shark",
      "|",
      "|switch|p2a: Walking Wake|Walking Wake|100/100|[from] U-turn",
      "|-activate|p2a: Walking Wake|ability: Protosynthesis",
      "|-start|p2a: Walking Wake|protosynthesisspa",
      "|",
      "|-weather|SunnyDay|[upkeep]",
      "|upkeep"
    ],
    "3": [
      "|",
      "|-terastallize|p1a: Flying shark|Fire",
      "|move|p2a: Walking Wake|Dragon Pulse|p1a: Flying shark",
      "|-damage|p1a: Flying shark|16/100",
      "|move|p1a: Flying shark|Scale Shot|p2a: Walking Wake",
      "|-supereffective|p2a: Walking Wake",
      "|-damage|p2a: Walking Wake|42/100",
      "|-supereffective|p2a: Walking Wake",
      "|-damage|p2a: Walking Wake|0 fnt",
      "|faint|p2a: Walking Wake",
      "|-end|p2a: Walking Wake|Protosynthesis|[silent]",
      "|-hitcount|p2: Walking Wake|2",
      "|-unboost|p1a: Flying shark|def|1",
      "|-boost|p1a: Flying shark|spe|1",
      "|",
      "|-weather|SunnyDay|[upkeep]",
      "|upkeep",
      "|",
      "|switch|p2a: Raging Bolt|Raging Bolt|100/100",
      "|-activate|p2a: Raging Bolt|ability: Protosynthesis",
      "|-start|p2a: Raging Bolt|protosynthesisspa"
    ],
    "4": [
      "|",
      "|move|p2a: Raging Bolt|Thunderclap||[still]",
      "|-fail|p2a: Raging Bolt",
      "|move|p1a: Flying shark|Swords Dance|p1a: Flying shark",
      "|-boost|p1a: Flying shark|atk|2",
      "|",
      "|-weather|SunnyDay|[upkeep]",
      "|upkeep"
    ],
    "5": [
      "|",
      "|move|p2a: Raging Bolt|Thunderclap|p1a: Flying shark",
      "|-damage|p1a: Flying shark|0 fnt",
      "|faint|p1a: Flying shark",
      "|",
      "|-weather|SunnyDay|[upkeep]",
      "|upkeep",
      "|",
      "|switch|p1a: Gangstea|Scrafty, M, shiny|100/100"
    ],
    "6": [
      "|",
      "|move|p2a: Raging Bolt|Thunderclap||[still]",
      "|-fail|p2a: Raging Bolt",
      "|move|p1a: Gangstea|Dragon Dance|p1a: Gangstea",
      "|-boost|p1a: Gangstea|atk|1",
      "|-boost|p1a: Gangstea|spe|1",
      "|",
      "|-weather|SunnyDay|[upkeep]",
      "|upkeep"
    ],
    "7": [
      "|",
      "|move|p2a: Raging Bolt|Thunderclap||[still]",
      "|-fail|p2a: Raging Bolt",
      "|move|p1a: Gangstea|Dragon Dance|p1a: Gangstea",
      "|-boost|p1a: Gangstea|atk|1",
      "|-boost|p1a: Gangstea|spe|1",
      "|",
      "|-weather|SunnyDay|[upkeep]",
      "|upkeep"
    ],
    "8": [
      "|",
      "|-end|p2a: Raging Bolt|Protosynthesis|[silent]",
      "|switch|p2a: Corviknight|Corviknight, M|88/100",
      "|move|p1a: Gangstea|Dragon Dance|p1a: Gangstea",
      "|-boost|p1a: Gangstea|atk|1",
      "|-boost|p1a: Gangstea|spe|1",
      "|",
      "|-weather|none",
      "|upkeep"
    ],
    "9": [
      "|",
      "|move|p1a: Gangstea|Knock Off|p2a: Corviknight",
      "|-damage|p2a: Corviknight|14/100",
      "|-damage|p1a: Gangstea|84/100|[from] item: Rocky Helmet|[of] p2a: Corviknight",
      "|-enditem|p2a: Corviknight|Rocky Helmet|[from] move: Knock Off|[of] p1a: Gangstea",
      "|move|p2a: Corviknight|Brave Bird|p1a: Gangstea",
      "|-supereffective|p1a: Gangstea",
      "|-damage|p1a: Gangstea|8/100",
      "|-damage|p2a: Corviknight|0 fnt|[from] Recoil",
      "|faint|p2a: Corviknight",
      "|",
      "|-heal|p1a: Gangstea|14/100|[from] item: Leftovers",
      "|upkeep",
      "|",
      "|switch|p2a: Ceruledge|Ceruledge, M|100/100"
    ],
    "10": [
      "|",
      "|move|p1a: Gangstea|Knock Off|p2a: Ceruledge",
      "|-supereffective|p2a: Ceruledge",
      "|-enditem|p2a: Ceruledge|Focus Sash",
      "|-damage|p2a: Ceruledge|1/100",
      "|-ability|p2a: Ceruledge|Weak Armor|boost",
      "|-unboost|p2a: Ceruledge|def|1",
      "|-boost|p2a: Ceruledge|spe|2",
      "|move|p2a: Ceruledge|Swords Dance|p2a: Ceruledge",
      "|-boost|p2a: Ceruledge|atk|2",
      "|",
      "|-heal|p1a: Gangstea|20/100|[from] item: Leftovers",
      "|upkeep"
    ],
    "11": [
      "|",
      "|move|p2a: Ceruledge|Bitter Blade|p1a: Gangstea",
      "|-damage|p1a: Gangstea|0 fnt",
      "|-heal|p2a: Ceruledge|11/100|[from] drain|[of] p1a: Gangstea",
      "|faint|p1a: Gangstea",
      "|",
      "|upkeep",
      "|",
      "|switch|p1a: Cookie bird|Talonflame, F, shiny|100/100"
    ],
    "12": [
      "|",
      "|move|p2a: Ceruledge|Shadow Sneak|p1a: Cookie bird",
      "|-damage|p1a: Cookie bird|35/100",
      "|move|p1a: Cookie bird|Air Slash|p2a: Ceruledge",
      "|-damage|p2a: Ceruledge|0 fnt",
      "|faint|p2a: Ceruledge",
      "|",
      "|upkeep",
      "|",
      "|switch|p2a: Ninetales|Ninetales, F, shiny|100/100",
      "|-weather|SunnyDay|[from] ability: Drought|[of] p2a: Ninetales"
    ],
    "13": [
      "|",
      "|switch|p1a: Genie|Hoopa-Unbound|100/100",
      "|move|p2a: Ninetales|Flamethrower|p1a: Genie",
      "|-damage|p1a: Genie|80/100",
      "|-status|p1a: Genie|brn",
      "|",
      "|-weather|SunnyDay|[upkeep]",
      "|-damage|p1a: Genie|74/100 brn|[from] brn",
      "|upkeep"
    ],
    "14": [
      "|",
      "|switch|p2a: Great Tusk|Great Tusk|100/100",
      "|-activate|p2a: Great Tusk|ability: Protosynthesis",
      "|-start|p2a: Great Tusk|protosynthesisspe",
      "|move|p1a: Genie|Psychic Noise|p2a: Great Tusk",
      "|-supereffective|p2a: Great Tusk",
      "|-damage|p2a: Great Tusk|0 fnt",
      "|faint|p2a: Great Tusk",
      "|-end|p2a: Great Tusk|Protosynthesis|[silent]",
      "|",
      "|-weather|SunnyDay|[upkeep]",
      "|-damage|p1a: Genie|68/100 brn|[from] brn",
      "|upkeep",
      "|",
      "|switch|p2a: Raging Bolt|Raging Bolt|100/100",
      "|-activate|p2a: Raging Bolt|ability: Protosynthesis",
      "|-start|p2a: Raging Bolt|protosynthesisspa"
    ],
    "15": [
      "|",
      "|move|p2a: Raging Bolt|Weather Ball|p1a: Genie",
      "|-damage|p1a: Genie|9/100 brn",
      "|move|p1a: Genie|Psychic Noise|p2a: Raging Bolt",
      "|-damage|p2a: Raging Bolt|60/100",
      "|-start|p2a: Raging Bolt|move: Heal Block",
      "|",
      "|-weather|SunnyDay|[upkeep]",
      "|-damage|p1a: Genie|3/100 brn|[from] brn",
      "|upkeep"
    ],
    "16": [
      "|",
      "|move|p2a: Raging Bolt|Weather Ball|p1a: Genie",
      "|-damage|p1a: Genie|0 fnt",
      "|faint|p1a: Genie",
      "|",
      "|-weather|SunnyDay|[upkeep]",
      "|-end|p2a: Raging Bolt|move: Heal Block",
      "|upkeep",
      "|",
      "|switch|p1a: Car|Revavroom, M, shiny|100/100",
      "|-item|p1a: Car|Air Balloon"
    ],
    "17": [
      "|",
      "|move|p1a: Car|High Horsepower|p2a: Raging Bolt",
      "|-supereffective|p2a: Raging Bolt",
      "|-damage|p2a: Raging Bolt|7/100",
      "|move|p2a: Raging Bolt|Weather Ball|p1a: Car",
      "|-supereffective|p1a: Car",
      "|-damage|p1a: Car|0 fnt",
      "|-enditem|p1a: Car|Air Balloon",
      "|faint|p1a: Car",
      "|",
      "|-weather|SunnyDay|[upkeep]",
      "|upkeep",
      "|",
      "|switch|p1a: Stupid dog|Zamazenta, shiny|100/100",
      "|-ability|p1a: Stupid dog|Dauntless Shield|boost",
      "|-boost|p1a: Stupid dog|def|1"
    ],
    "18": [
      "|",
      "|-end|p2a: Raging Bolt|Protosynthesis|[silent]",
      "|switch|p2a: Ninetales|Ninetales, F, shiny|100/100",
      "|move|p1a: Stupid dog|Body Press|p2a: Ninetales",
      "|-damage|p2a: Ninetales|41/100",
      "|",
      "|-weather|SunnyDay|[upkeep]",
      "|upkeep"
    ],
    "19": [
      "|",
      "|move|p1a: Stupid dog|Body Press|p2a: Ninetales",
      "|-damage|p2a: Ninetales|0 fnt",
      "|faint|p2a: Ninetales",
      "|",
      "|-weather|SunnyDay|[upkeep]",
      "|upkeep",
      "|",
      "|switch|p2a: Raging Bolt|Raging Bolt|7/100",
      "|-activate|p2a: Raging Bolt|ability: Protosynthesis",
      "|-start|p2a: Raging Bolt|protosynthesisspa"
    ],
    "20": [
      "|",
      "|move|p2a: Raging Bolt|Thunderclap|p1a: Stupid dog",
      "|-damage|p1a: Stupid dog|36/100",
      "|move|p1a: Stupid dog|Body Press|p2a: Raging Bolt",
      "|-damage|p2a: Raging Bolt|0 fnt",
      "|faint|p2a: Raging Bolt",
      "|-end|p2a: Raging Bolt|Protosynthesis|[silent]",
      "|",
      "|win|non0m0"
    ]
  }
}