{
  "id": "gen9ou-2359091749",
  "format": "[Gen 9] OU",
  "players": [
    "Shaymin54",
    "imadjenerate"
  ],
  "pre_battle": [
    "|player|p1|Shaymin54|acetrainer-gen4dp|1347",
    "|player|p2|imadjenerate|266|1314",
    "|teamsize|p1|6",
    "|teamsize|p2|6",
    "|gen|9",
    "|tier|[Gen 9] OU",
    "|clearpoke",
    "|teampreview",
    "|",
    "|start",
    "|switch|p1a: Mienshao|Mienshao, M|100/100",
    "|switch|p2a: Landorus|Landorus-Therian, M|100/100",
    "|-ability|p2a: Landorus|Intimidate|boost",
    "|-unboost|p1a: Mienshao|atk|1",
    "|player|p2|",
    "|player|p1|"
  ],
  "turns": {
    "1": [
      "|",
      "|move|p1a: Mienshao|Ice Spinner|p2a: Landorus",
      "|-supereffective|p2a: Landorus",
      "|-damage|p2a: Landorus|16/100",
      "|-damage|p1a: Mienshao|84/100|[from] item: Rocky Helmet|[of] p2a: Landorus",
      "|-damage|p1a: Mienshao|74/100|[from] item: Life Orb",
      "|move|p2a: Landorus|Stealth Rock|p1a: Mienshao",
      "|-sidestart|p1: Shaymin54|move: Stealth Rock",
      "|",
      "|upkeep"
    ],
    "2": [
      "|",
      "|switch|p2a: Zamazenta|Zamazenta|100/100",
      "|-ability|p2a: Zamazenta|Dauntless Shield|boost",
      "|-boost|p2a: Zamazenta|def|1",
      "|move|p1a: Mienshao|Knock Off|p2a: Zamazenta",
      "|-resisted|p2a: Zamazenta",
      "|-damage|p2a: Zamazenta|93/100",
      "|-enditem|p2a: Zamazenta|Leftovers|[from] move: Knock Off|[of] p1a: Mienshao",
      "|-damage|p1a: Mienshao|64/100|[from] item: Life Orb",
      "|",
      "|upkeep"
    ],
    "3": [
      "|",
      "|switch|p1a: Hatterene|Hatterene, F|100/100",
      "|-damage|p1a: Hatterene|88/100|[from] Stealth Rock",
      "|move|p2a: Zamazenta|Substitute|p2a: Zamazenta",
      "|-start|p2a: Zamazenta|Substitute",
      "|-damage|p2a: Zamazenta|68/100",
      "|",
      "|-heal|p1a: Hatterene|94/100|[from] item: Leftovers",
      "|upkeep"
    ],
    "4": [
      "|",
      "|move|p2a: Zamazenta|Crunch|p1a: Hatterene",
      "|-damage|p1a: Hatterene|76/100",
      "|-unboost|p1a: Hatterene|def|1",
      "|move|p1a: Hatterene|Psychic Noise|p2a: Zamazenta",
      "|-supereffective|p2a: Zamazenta",
      "|-crit|p2a: Zamazenta",
      "|-damage|p2a: Zamazenta|0 fnt",
      "|faint|p2a: Zamazenta",
      "|",
      "|-heal|p1a: Hatterene|82/100|[from] item: Leftovers",
      "|upkeep",
      "|",
      "|switch|p2a: Kingambit|Kingambit, M|100/100",
      "|-activate|p2a: Kingambit|ability: Supreme Overlord",
      "|-start|p2a: Kingambit|fallen1|[silent]"
    ],
    "5": [
      "|",
      "|switch|p1a: Great Tusk|Great Tusk|100/100",
      "|-damage|p1a: Great Tusk|98/100|[from] Stealth Rock",
      "|move|p2a: Kingambit|Iron Head|p1a: Great Tusk",
      "|-damage|p1a: Great Tusk|65/100",
      "|-damage|p2a: Kingambit|84/100|[from] item: Rocky Helmet|[of] p1a: Great Tusk",
      "|",
      "|-heal|p2a: Kingambit|90/100|[from] item: Leftovers",
      "|upkeep"
    ],
    "6": [
      "|",
      "|-end|p2a: Kingambit|fallen1|[silent]",
      "|switch|p2a: Landorus|Landorus-Therian, M|16/100",
      "|-ability|p2a: Landorus|Intimidate|boost",
      "|-unboost|p1a: Great Tusk|atk|1",
      "|move|p1a: Great Tusk|Rapid Spin|p2a: Landorus",
      "|-damage|p2a: Landorus|6/100",
      "|-boost|p1a: Great Tusk|spe|1",
      "|-damage|p1a: Great Tusk|48/100|[from] item: Rocky Helmet|[of] p2a: Landorus",
      "|-sideend|p1: Shaymin54|Stealth Rock|[from] move: Rapid Spin|[of] p1a: Great Tusk",
      "|",
      "|upkeep"
    ],
    "7": [
      "|",
      "|move|p1a: Great Tusk|Knock Off|p2a: Landorus",
      "|-damage|p2a: Landorus|0 fnt",
      "|-damage|p1a: Great Tusk|32/100|[from] item: Rocky Helmet|[of] p2a: Landorus",
      "|-enditem|p2a: Landorus|Rocky Helmet|[from] move: Knock Off|[of] p1a: Great Tusk",
      "|faint|p2a: Landorus",
      "|",
      "|upkeep",
      "|",
      "|switch|p2a: Kyurem|Kyurem|100/100",
      "|-ability|p2a: Kyurem|Pressure"
    ],
    "8": [
      "|",
      "|-end|p1a: Great Tusk|Protosynthesis|[silent]",
      "|switch|p1a: Scizor|Scizor, M|100/100",
      "|move|p2a: Kyurem|Dragon Dance|p2a: Kyurem",
      "|-boost|p2a: Kyurem|atk|1",
      "|-boost|p2a: Kyurem|spe|1",
      "|",
      "|upkeep"
    ],
    "9": [
      "|",
      "|-terastallize|p2a: Kyurem|Electric",
      "|move|p2a: Kyurem|Tera Blast|p1a: Scizor|[anim] Tera Blast Electric",
      "|-damage|p1a: Scizor|19/100",
      "|move|p1a: Scizor|U-turn|p2a: Kyurem",
      "|-damage|p2a: Kyurem|44/100",
      "|",
      "|switch|p1a: Hatterene|Hatterene, F|82/100|[from] U-turn",
      "|",
      "|-heal|p1a: Hatterene|88/100|[from] item: Leftovers",
      "|upkeep"
    ],
    "10": [
      "|",
      "|move|p2a: Kyurem|Icicle Spear|p1a: Hatterene",
      "|-damage|p1a: Hatterene|70/100",
      "|-damage|p1a: Hatterene|51/100",
      "|-damage|p1a: Hatterene|34/100",
      "|-damage|p1a: Hatterene|15/100",
      "|-hitcount|p1a: Hatterene|4",
      "|move|p1a: Hatterene|Psychic Noise|p2a: Kyurem",
      "|-damage|p2a: Kyurem|11/100",
      "|-start|p2a: Kyurem|move: Heal Block",
      "|",
      "|-heal|p1a: Hatterene|21/100|[from] item: Leftovers",
      "|upkeep"
    ],
    "11": [
      "|",
      "|move|p2a: Kyurem|Icicle Spear|p1a: Hatterene",
      "|-damage|p1a: Hatterene|1/100",
      "|-damage|p1a: Hatterene|0 fnt",
      "|faint|p1a: Hatterene",
      "|-hitcount|p1: Hatterene|2",
      "|",
      "|-end|p2a: Kyurem|move: Heal Block",
      "|upkeep",
      "|",
      "|switch|p1a: Scizor|Scizor, M|19/100"
    ],
    "12": [
      "|",
      "|move|p1a: Scizor|Bullet Punch|p2a: Kyurem",
      "|-resisted|p2a: Kyurem",
      "|-damage|p2a: Kyurem|0 fnt",
      "|faint|p2a: Kyurem",
      "|",
      "|upkeep",
      "|-message|imadjenerate forfeited.",
      "|",
      "|win|Shaymin54"
    ]
  }
}