{
  "id": "gen9ou-2359122657",
  "format": "[Gen 9] OU",
  "players": [
    "Duckycrater",
    "RemembertheDream"
  ],
  "pre_battle": [
    "|player|p1|Duckycrater|265|",
    "|player|p2|RemembertheDream|cyrus|",
    "|teamsize|p1|6",
    "|teamsize|p2|6",
    "|gen|9",
    "|tier|[Gen 9] OU",
    "|clearpoke",
    "|teampreview",
    "|",
    "|start",
    "|switch|p1a: Barraskewda|Barraskewda, M|100/100",
    "|switch|p2a: Barraskewda|Barraskewda, F|100/100"
  ],
  "turns": {
    "1": [
      "|",
      "|switch|p1a: Froslass|Froslass, F|100/100",
      "|move|p2a: Barraskewda|Flip Turn|p1a: Froslass",
      "|-damage|p1a: Froslass|48/100",
      "|",
      "|switch|p2a: Rhyperior|Rhyperior, M|100/100|[from] Flip Turn",
      "|",
      "|upkeep"
    ],
    "2": [
      "|",
      "|move|p1a: Froslass|Will-O-Wisp|p2a: Rhyperior|[miss]",
      "|-miss|p1a: Froslass|p2a: Rhyperior",
      "|move|p2a: Rhyperior|Stone Edge|p1a: Froslass|[miss]",
      "|-miss|p2a: Rhyperior|p1a: Froslass",
      "|",
      "|upkeep"
    ],
    "3": [
      "|",
      "|move|p1a: Froslass|Destiny Bond|p1a: Froslass",
      "|-singlemove|p1a: Froslass|Destiny Bond",
      "|move|p2a: Rhyperior|Stone Edge|p1a: Froslass",
      "|-supereffective|p1a: Froslass",
      "|-damage|p1a: Froslass|0 fnt",
      "|faint|p1a: Froslass",
      "|-activate|p1a: Froslass|move: Destiny Bond",
      "|faint|p2a: Rhyperior",
      "|",
      "|upkeep",
      "|",
      "|switch|p1a: Exeggutor|Exeggutor, F|100/100",
      "|switch|p2a: Froslass|Froslass, F|100/100"
    ],
    "4": [
      "|",
      "|switch|p1a: Jirachi|Jirachi|100/100",
      "|move|p2a: Froslass|Ice Beam|p1a: Jirachi",
      "|-resisted|p1a: Jirachi",
      "|-damage|p1a: Jirachi|87/100",
      "|",
      "|-heal|p1a: Jirachi|93/100|[from] item: Leftovers",
      "|upkeep"
    ],
    "5": [
      "|",
      "|switch|p2a: Barraskewda|Barraskewda, F|100/100",
      "|move|p1a: Jirachi|Stealth Rock|p2a: Barraskewda",
      "|-sidestart|p2: RemembertheDream|move: Stealth Rock",
      "|",
      "|-heal|p1a: Jirachi|99/100|[from] item: Leftovers",
      "|upkeep"
    ],
    "6": [
      "|",
      "|switch|p1a: Rhyperior|Rhyperior, F|100/100",
      "|move|p2a: Barraskewda|Drill Run|p1a: Rhyperior",
      "|-supereffective|p1a: Rhyperior",
      "|-damage|p1a: Rhyperior|62/100",
      "|-enditem|p1a: Rhyperior|Weakness Policy",
      "|-boost|p1a: Rhyperior|atk|2|[from] item: Weakness Policy",
      "|-boost|p1a: Rhyperior|spa|2|[from] item: Weakness Policy",
      "|",
      "|upkeep"
    ],
    "7": [
      "|",
      "|move|p2a: Barraskewda|Flip Turn|p1a: Rhyperior",
      "|-supereffective|p1a: Rhyperior",
      "|-damage|p1a: Rhyperior|0 fnt",
      "|faint|p1a: Rhyperior",
      "|",
      "|switch|p2a: Jirachi|Jirachi|100/100|[from] Flip Turn",
      "|-damage|p2a: Jirachi|94/100|[from] Stealth Rock",
      "|",
      "|-heal|p2a: Jirachi|100/100|[from] item: Leftovers",
      "|upkeep",
      "|",
      "|switch|p1a: Barraskewda|Barraskewda, M|100/100"
    ],
    "8": [
      "|",
      "|-terastallize|p1a: Barraskewda|Water",
      "|move|p1a: Barraskewda|Flip Turn|p2a: Jirachi",
      "|-damage|p2a: Jirachi|42/100",
      "|",
      "|switch|p1a: Electivire|Electivire, M|100/100|[from] Flip Turn",
      "|move|p2a: Jirachi|Wish|p2a: Jirachi",
      "|",
      "|-heal|p2a: Jirachi|48/100|[from] item: Leftovers",
      "|upkeep"
    ],
    "9": [
      "|",
      "|switch|p2a: Exeggutor|Exeggutor-Alola, M|100/100",
      "|-damage|p2a: Exeggutor|88/100|[from] Stealth Rock",
      "|move|p1a: Electivire|Knock Off|p2a: Exeggutor",
      "|-damage|p2a: Exeggutor|56/100",
      "|-enditem|p2a: Exeggutor|Sitrus Berry|[from] move: Knock Off|[of] p1a: Electivire",
      "|",
      "|-heal|p2a: Exeggutor|100/100|[from] move: Wish|[wisher] Jirachi",
      "|upkeep"
    ],
    "10": [
      "|",
      "|switch|p1a: Jirachi|Jirachi|99/100",
      "|move|p2a: Exeggutor|Earthquake|p1a: Jirachi",
      "|-supereffective|p1a: Jirachi",
      "|-damage|p1a: Jirachi|47/100",
      "|",
      "|-heal|p1a: Jirachi|53/100|[from] item: Leftovers",
      "|upkeep"
    ],
    "11": [
      "|",
      "|-terastallize|p2a: Exeggutor|Steel",
      "|move|p1a: Jirachi|Iron Head|p2a: Exeggutor",
      "|-resisted|p2a: Exeggutor",
      "|-damage|p2a: Exeggutor|86/100",
      "|cant|p2a: Exeggutor|flinch",
      "|",
      "|-heal|p1a: Jirachi|59/100|[from] item: Leftovers",
      "|upkeep"
    ],
    "12": [
      "|",
      "|move|p1a: Jirachi|Body Slam|p2a: Exeggutor",
      "|-resisted|p2a: Exeggutor",
      "|-crit|p2a: Exeggutor",
      "|-damage|p2a: Exeggutor|71/100",
      "|move|p2a: Exeggutor|Earthquake|p1a: Jirachi",
      "|-supereffective|p1a: Jirachi",
      "|-damage|p1a: Jirachi|3/100",
      "|",
      "|-heal|p1a: Jirachi|9/100|[from] item: Leftovers",
      "|upkeep"
    ],
    "13": [
      "|",
      "|move|p1a: Jirachi|Iron Head|p2a: Exeggutor",
      "|-resisted|p2a: Exeggutor",
      "|-damage|p2a: Exeggutor|57/100",
      "|move|p2a: Exeggutor|Iron Head|p1a: Jirachi",
      "|-resisted|p1a: Jirachi",
      "|-damage|p1a: Jirachi|0 fnt",
      "|faint|p1a: Jirachi",
      "|",
      "|upkeep",
      "|",
      "|switch|p1a: Barraskewda|Barraskewda, M, tera:Water|100/100"
    ],
    "14": [
      "|",
      "|move|p1a: Barraskewda|Flip Turn|p2a: Exeggutor",
      "|-damage|p2a: Exeggutor|0 fnt",
      "|faint|p2a: Exeggutor",
      "|",
      "|switch|p1a: Electivire|Electivire, M|100/100|[from] Flip Turn",
      "|",
      "|upkeep",
      "|",
      "|switch|p2a: Froslass|Froslass, F|100/100"
    ],
    "15": [
      "|",
      "|move|p2a: Froslass|Will-O-Wisp|p1a: Electivire",
      "|-status|p1a: Electivire|brn",
      "|move|p1a: Electivire|Bulk Up|p1a: Electivire",
      "|-boost|p1a: Electivire|atk|1",
      "|-boost|p1a: Electivire|def|1",
      "|",
      "|-damage|p1a: Electivire|94/100 brn|[from] brn",
      "|upkeep"
    ],
    "16": [
      "|",
      "|move|p2a: Froslass|Hex|p1a: Electivire",
      "|-damage|p1a: Electivire|32/100 brn",
      "|move|p1a: Electivire|Knock Off|p2a: Froslass",
      "|-supereffective|p2a: Froslass",
      "|-damage|p2a: Froslass|21/100",
      "|-enditem|p2a: Froslass|Heavy-Duty Boots|[from] move: Knock Off|[of] p1a: Electivire",
      "|",
      "|-heal|p1a: Electivire|39/100 brn|[from] item: Leftovers",
      "|-damage|p1a: Electivire|32/100 brn|[from] brn",
      "|upkeep"
    ],
    "17": [
      "|",
      "|move|p2a: Froslass|Hex|p1a: Electivire",
      "|-crit|p1a: Electivire",
      "|-damage|p1a: Electivire|0 fnt",
      "|faint|p1a: Electivire",
      "|",
      "|upkeep",
      "|",
      "|switch|p1a: Barraskewda|Barraskewda, M, tera:Water|100/100"
    ],
    "18": [
      "|",
      "|move|p1a: Barraskewda|Flip Turn|p2a: Froslass",
      "|-damage|p2a: Froslass|0 fnt",
      "|-start|p1a: Barraskewda|Disable|Flip Turn|[from] ability: Cursed Body|[of] p2a: Froslass",
      "|faint|p2a: Froslass",
      "|",
      "|switch|p1a: Exeggutor|Exeggutor, F|100/100|[from] Flip Turn",
      "|",
      "|upkeep",
      "|",
      "|switch|p2a: Jirachi|Jirachi|48/100",
      "|-damage|p2a: Jirachi|42/100|[from] Stealth Rock"
    ],
    "19": [
      "|",
      "|move|p2a: Jirachi|Wish|p2a: Jirachi",
      "|move|p1a: Exeggutor|Leech Seed|p2a: Jirachi",
      "|-start|p2a: Jirachi|move: Leech Seed",
      "|",
      "|-heal|p2a: Jirachi|48/100|[from] item: Leftovers",
      "|-damage|p2a: Jirachi|36/100|[from] Leech Seed|[of] p1a: Exeggutor",
      "|upkeep"
    ],
    "20": [
      "|",
      "|move|p1a: Exeggutor|Protect|p1a: Exeggutor",
      "|-singleturn|p1a: Exeggutor|Protect",
      "|move|p2a: Jirachi|Ice Punch|p1a: Exeggutor",
      "|-activate|p1a: Exeggutor|move: Protect",
      "|",
      "|-heal|p2a: Jirachi|86/100|[from] move: Wish|[wisher] Jirachi",
      "|-heal|p2a: Jirachi|92/100|[from] item: Leftovers",
      "|-damage|p2a: Jirachi|79/100|[from] Leech Seed|[of] p1a: Exeggutor",
      "|upkeep"
    ],
    "21": [
      "|",
      "|move|p2a: Jirachi|Iron Head|p1a: Exeggutor",
      "|-damage|p1a: Exeggutor|76/100",
      "|cant|p1a: Exeggutor|flinch",
      "|",
      "|-heal|p2a: Jirachi|85/100|[from] item: Leftovers",
      "|-damage|p2a: Jirachi|73/100|[from] Leech Seed|[of] p1a: Exeggutor",
      "|-heal|p1a: Exeggutor|88/100|[silent]",
      "|upkeep"
    ],
    "22": [
      "|",
      "|switch|p1a: Barraskewda|Barraskewda, M, tera:Water|100/100",
      "|move|p2a: Jirachi|Iron Head|p1a: Barraskewda",
      "|-resisted|p1a: Barraskewda",
      "|-damage|p1a: Barraskewda|61/100",
      "|",
      "|-heal|p2a: Jirachi|79/100|[from] item: Leftovers",
      "|-damage|p2a: Jirachi|67/100|[from] Leech Seed|[of] p1a: Barraskewda",
      "|-heal|p1a: Barraskewda|79/100|[silent]",
      "|upkeep"
    ],
    "23": [
      "|",
      "|switch|p2a: Barraskewda|Barraskewda, F|100/100",
      "|-damage|p2a: Barraskewda|88/100|[from] Stealth Rock",
      "|move|p1a: Barraskewda|Flip Turn|p2a: Barraskewda",
      "|-resisted|p2a: Barraskewda",
      "|-damage|p2a: Barraskewda|25/100",
      "|",
      "|switch|p1a: Exeggutor|Exeggutor, F|88/100|[from] Flip Turn",
      "|",
      "|upkeep"
    ],
    "24": [
      "|",
      "|move|p2a: Barraskewda|Ice Fang|p1a: Exeggutor",
      "|-supereffective|p1a: Exeggutor",
      "|-damage|p1a: Exeggutor|53/100",
      "|move|p1a: Exeggutor|Tera Blast|p2a: Barraskewda",
      "|-damage|p2a: Barraskewda|0 fnt",
      "|faint|p2a: Barraskewda",
      "|",
      "|upkeep",
      "|",
      "|switch|p2a: Jirachi|Jirachi|67/100",
      "|-damage|p2a: Jirachi|61/100|[from] Stealth Rock"
    ],
    "25": [
      "|",
      "|move|p2a: Jirachi|Ice Punch|p1a: Exeggutor",
      "|-supereffective|p1a: Exeggutor",
      "|-damage|p1a: Exeggutor|18/100",
      "|-enditem|p1a: Exeggutor|Sitrus Berry|[eat]",
      "|-heal|p1a: Exeggutor|43/100|[from] item: Sitrus Berry",
      "|move|p1a: Exeggutor|Leech Seed|p2a: Jirachi",
      "|-start|p2a: Jirachi|move: Leech Seed",
      "|",
      "|-heal|p2a: Jirachi|67/100|[from] item: Leftovers",
      "|-damage|p2a: Jirachi|54/100|[from] Leech Seed|[of] p1a: Exeggutor",
      "|-heal|p1a: Exeggutor|56/100|[silent]",
      "|upkeep"
    ],
    "26": [
      "|",
      "|move|p1a: Exeggutor|Protect|p1a: Exeggutor",
      "|-singleturn|p1a: Exeggutor|Protect",
      "|move|p2a: Jirachi|Ice Punch|p1a: Exeggutor",
      "|-activate|p1a: Exeggutor|move: Protect",
      "|",
      "|-heal|p2a: Jirachi|60/100|[from] item: Leftovers",
      "|-damage|p2a: Jirachi|48/100|[from] Leech Seed|[of] p1a: Exeggutor",
      "|-heal|p1a: Exeggutor|68/100|[silent]",
      "|-item|p1a: Exeggutor|Sitrus Berry|[from] ability: Harvest",
      "|upkeep"
    ],
    "27": [
      "|",
      "|move|p2a: Jirachi|Ice Punch|p1a: Exeggutor",
      "|-supereffective|p1a: Exeggutor",
      "|-damage|p1a: Exeggutor|31/100",
      "|-enditem|p1a: Exeggutor|Sitrus Berry|[eat]",
      "|-heal|p1a: Exeggutor|56/100|[from] item: Sitrus Berry",
      "|move|p1a: Exeggutor|Substitute|p1a: Exeggutor",
      "|-start|p1a: Exeggutor|Substitute",
      "|-damage|p1a: Exeggutor|31/100",
      "|",
      "|-heal|p2a: Jirachi|54/100|[from] item: Leftovers",
      "|-damage|p2a: Jirachi|42/100|[from] Leech Seed|[of] p1a: Exeggutor",
      "|-heal|p1a: Exeggutor|44/100|[silent]",
      "|upkeep"
    ],
    "28": [
      "|",
      "|move|p1a: Exeggutor|Protect|p1a: Exeggutor",
      "|-singleturn|p1a: Exeggutor|Protect",
      "|move|p2a: Jirachi|Wish|p2a: Jirachi",
      "|",
      "|-heal|p2a: Jirachi|48/100|[from] item: Leftovers",
      "|-damage|p2a: Jirachi|36/100|[from] Leech Seed|[of] p1a: Exeggutor",
      "|-heal|p1a: Exeggutor|56/100|[silent]",
      "|-item|p1a: Exeggutor|Sitrus Berry|[from] ability: Harvest",
      "|upkeep"
    ],
    "29": [
      "|",
      "|switch|p2a: Electivire|Electivire, F|100/100",
      "|-damage|p2a: Electivire|88/100|[from] Stealth Rock",
      "|move|p1a: Exeggutor|Substitute|p1a: Exeggutor",
      "|-fail|p1a: Exeggutor|move: Substitute",
      "|",
      "|-heal|p2a: Electivire|100/100|[from] move: Wish|[wisher] Jirachi",
      "|upkeep"
    ],
    "30": [
      "|",
      "|move|p2a: Electivire|Ice Punch|p1a: Exeggutor",
      "|-supereffective|p1a: Exeggutor",
      "|-end|p1a: Exeggutor|Substitute",
      "|move|p1a: Exeggutor|Leech Seed|p2a: Electivire|[miss]",
      "|-miss|p1a: Exeggutor|p2a: Electivire",
      "|",
      "|upkeep"
    ],
    "31": [
      "|",
      "|move|p2a: Electivire|Ice Punch|p1a: Exeggutor",
      "|-supereffective|p1a: Exeggutor",
      "|-damage|p1a: Exeggutor|17/100",
      "|-status|p1a: Exeggutor|frz",
      "|-enditem|p1a: Exeggutor|Sitrus Berry|[eat]",
      "|-heal|p1a: Exeggutor|42/100 frz|[from] item: Sitrus Berry",
      "|-curestatus|p1a: Exeggutor|frz|[msg]",
      "|move|p1a: Exeggutor|Leech Seed|p2a: Electivire",
      "|-start|p2a: Electivire|move: Leech Seed",
      "|",
      "|-damage|p2a: Electivire|88/100|[from] Leech Seed|[of] p1a: Exeggutor",
      "|-heal|p1a: Exeggutor|51/100|[silent]",
      "|-item|p1a: Exeggutor|Sitrus Berry|[from] ability: Harvest",
      "|upkeep"
    ],
    "32": [
      "|",
      "|switch|p2a: Jirachi|Jirachi|36/100",
      "|-damage|p2a: Jirachi|29/100|[from] Stealth Rock",
      "|move|p1a: Exeggutor|Substitute|p1a: Exeggutor",
      "|-start|p1a: Exeggutor|Substitute",
      "|-damage|p1a: Exeggutor|26/100",
      "|-enditem|p1a: Exeggutor|Sitrus Berry|[eat]",
      "|-heal|p1a: Exeggutor|51/100|[from] item: Sitrus Berry",
      "|",
      "|-heal|p2a: Jirachi|36/100|[from] item: Leftovers",
      "|-item|p1a: Exeggutor|Sitrus Berry|[from] ability: Harvest",
      "|upkeep"
    ],
    "33": [
      "|",
      "|move|p2a: Jirachi|Wish|p2a: Jirachi",
      "|move|p1a: Exeggutor|Leech Seed|p2a: Jirachi",
      "|-start|p2a: Jirachi|move: Leech Seed",
      "|",
      "|-heal|p2a: Jirachi|42/100|[from] item: Leftovers",
      "|-damage|p2a: Jirachi|29/100|[from] Leech Seed|[of] p1a: Exeggutor",
      "|-heal|p1a: Exeggutor|64/100|[silent]",
      "|upkeep"
    ],
    "34": [
      "|",
      "|move|p2a: Jirachi|Ice Punch|p1a: Exeggutor",
      "|-supereffective|p1a: Exeggutor",
      "|-crit|p1a: Exeggutor",
      "|-end|p1a: Exeggutor|Substitute",
      "|move|p1a: Exeggutor|Tera Blast|p2a: Jirachi",
      "|-resisted|p2a: Jirachi",
      "|-damage|p2a: Jirachi|19/100",
      "|",
      "|-heal|p2a: Jirachi|69/100|[from] move: Wish|[wisher] Jirachi",
      "|-heal|p2a: Jirachi|75/100|[from] item: Leftovers",
      "|-damage|p2a: Jirachi|62/100|[from] Leech Seed|[of] p1a: Exeggutor",
      "|-heal|p1a: Exeggutor|76/100|[silent]",
      "|upkeep"
    ],
    "35": [
      "|",
      "|switch|p1a: Barraskewda|Barraskewda, M, tera:Water|79/100",
      "|move|p2a: Jirachi|Ice Punch|p1a: Barraskewda",
      "|-resisted|p1a: Barraskewda",
      "|-crit|p1a: Barraskewda",
      "|-damage|p1a: Barraskewda|46/100",
      "|",
      "|-heal|p2a: Jirachi|69/100|[from] item: Leftovers",
      "|-damage|p2a: Jirachi|56/100|[from] Leech Seed|[of] p1a: Barraskewda",
      "|-heal|p1a: Barraskewda|65/100|[silent]",
      "|upkeep"
    ],
    "36": [
      "|",
      "|move|p1a: Barraskewda|Flip Turn|p2a: Jirachi",
      "|-damage|p2a: Jirachi|0 fnt",
      "|faint|p2a: Jirachi",
      "|",
      "|switch|p1a: Exeggutor|Exeggutor, F|76/100|[from] Flip Turn",
      "|",
      "|upkeep",
      "|",
      "|switch|p2a: Electivire|Electivire, F|88/100",
      "|-damage|p2a: Electivire|76/100|[from] Stealth Rock"
    ],
    "37": [
      "|",
      "|move|p2a: Electivire|Knock Off|p1a: Exeggutor",
      "|-supereffective|p1a: Exeggutor",
      "|-damage|p1a: Exeggutor|23/100",
      "|-enditem|p1a: Exeggutor|Sitrus Berry|[from] move: Knock Off|[of] p2a: Electivire",
      "|move|p1a: Exeggutor|Leech Seed|p2a: Electivire",
      "|-start|p2a: Electivire|move: Leech Seed",
      "|",
      "|-damage|p2a: Electivire|63/100|[from] Leech Seed|[of] p1a: Exeggutor",
      "|-heal|p1a: Exeggutor|32/100|[silent]",
      "|upkeep"
    ],
    "38": [
      "|",
      "|move|p2a: Electivire|Knock Off|p1a: Exeggutor",
      "|-supereffective|p1a: Exeggutor",
      "|-damage|p1a: Exeggutor|0 fnt",
      "|faint|p1a: Exeggutor",
      "|",
      "|upkeep",
      "|",
      "|switch|p1a: Barraskewda|Barraskewda, M, tera:Water|65/100"
    ],
    "39": [
      "|",
      "|move|p2a: Electivire|Knock Off|p1a: Barraskewda",
      "|-damage|p1a: Barraskewda|0 fnt",
      "|-enditem|p1a: Barraskewda|Choice Band|[from] move: Knock Off|[of] p2a: Electivire",
      "|faint|p1a: Barraskewda",
      "|",
      "|win|RemembertheDream",
      "|n|\u2606Duckycrater|duckycrater",
      "|n|\u2606RemembertheDream|rememberthedream",
      "|n|*Lady Monita \u2744|ladymonita",
      "|n| Drag010t1|drag010t1"
    ]
  }
}