{
  "id": "gen9ou-2359083544",
  "format": "[Gen 9] OU",
  "players": [
    "Maximumammo",
    "XxRimxX"
  ],
  "pre_battle": [
    "|player|p1|Maximumammo|pokemaniac|1159",
    "|player|p2|XxRimxX|unknown|1145",
    "|teamsize|p1|6",
    "|teamsize|p2|6",
    "|gen|9",
    "|tier|[Gen 9] OU",
    "|clearpoke",
    "|teampreview",
    "|",
    "|start",
    "|switch|p1a: Ninetales|Ninetales, M, shiny|100/100",
    "|switch|p2a: Deoxys|Deoxys-Defense|100/100",
    "|-weather|SunnyDay|[from] ability: Drought|[of] p1a: Ninetales",
    "|-ability|p2a: Deoxys|Pressure",
    "|player|p2|",
    "|player|p1|"
  ],
  "turns": {
    "1": [
      "|",
      "|move|p1a: Ninetales|Will-O-Wisp|p2a: Deoxys",
      "|-status|p2a: Deoxys|brn",
      "|move|p2a: Deoxys|Stealth Rock|p1a: Ninetales",
      "|-sidestart|p1: Maximumammo|move: Stealth Rock",
      "|",
      "|-weather|SunnyDay|[upkeep]",
      "|-damage|p2a: Deoxys|94/100 brn|[from] brn",
      "|upkeep"
    ],
    "2": [
      "|",
      "|move|p1a: Ninetales|Hex|p2a: Deoxys",
      "|-supereffective|p2a: Deoxys",
      "|-damage|p2a: Deoxys|35/100 brn",
      "|move|p2a: Deoxys|Meteor Beam||[still]",
      "|-prepare|p2a: Deoxys|Meteor Beam",
      "|-boost|p2a: Deoxys|spa|1",
      "|-enditem|p2a: Deoxys|Power Herb",
      "|-anim|p2a: Deoxys|Meteor Beam|p1a: Ninetales",
      "|-supereffective|p1a: Ninetales",
      "|-damage|p1a: Ninetales|2/100",
      "|",
      "|-weather|SunnyDay|[upkeep]",
      "|-damage|p2a: Deoxys|29/100 brn|[from] brn",
      "|upkeep"
    ],
    "3": [
      "|",
      "|move|p1a: Ninetales|Hex|p2a: Deoxys",
      "|-supereffective|p2a: Deoxys",
      "|-damage|p2a: Deoxys|0 fnt",
      "|faint|p2a: Deoxys",
      "|",
      "|-weather|SunnyDay|[upkeep]",
      "|upkeep",
      "|",
      "|switch|p2a: Fodder|Indeedee, M|100/100",
      "|-fieldstart|move: Psychic Terrain|[from] ability: Psychic Surge|[of] p2a: Fodder"
    ],
    "4": [
      "|",
      "|switch|p1a: Shiftry|Shiftry, F, shiny|100/100",
      "|-damage|p1a: Shiftry|88/100|[from] Stealth Rock",
      "|move|p2a: Fodder|Expanding Force|p1a: Shiftry",
      "|-immune|p1a: Shiftry",
      "|",
      "|-weather|SunnyDay|[upkeep]",
      "|upkeep"
    ],
    "5": [
      "|",
      "|switch|p2a: Let's go gambling|Slowbro-Galar, M|100/100",
      "|move|p1a: Shiftry|Dark Pulse|p2a: Let's go gambling",
      "|-supereffective|p2a: Let's go gambling",
      "|-damage|p2a: Let's go gambling|0 fnt",
      "|faint|p2a: Let's go gambling",
      "|",
      "|-weather|SunnyDay|[upkeep]",
      "|upkeep",
      "|",
      "|switch|p2a: Medicham|Medicham, M|100/100"
    ],
    "6": [
      "|",
      "|move|p1a: Shiftry|Air Slash|p2a: Medicham",
      "|-supereffective|p2a: Medicham",
      "|-damage|p2a: Medicham|26/100",
      "|move|p2a: Medicham|Close Combat|p1a: Shiftry",
      "|-supereffective|p1a: Shiftry",
      "|-damage|p1a: Shiftry|0 fnt",
      "|-unboost|p2a: Medicham|def|1",
      "|-unboost|p2a: Medicham|spd|1",
      "|faint|p1a: Shiftry",
      "|",
      "|-weather|SunnyDay|[upkeep]",
      "|upkeep",
      "|",
      "|switch|p1a: Walking Wake|Walking Wake|100/100",
      "|-damage|p1a: Walking Wake|88/100|[from] Stealth Rock",
      "|-activate|p1a: Walking Wake|ability: Protosynthesis",
      "|-start|p1a: Walking Wake|protosynthesisspa"
    ],
    "7": [
      "|",
      "|move|p2a: Medicham|Close Combat|p1a: Walking Wake",
      "|-damage|p1a: Walking Wake|0 fnt",
      "|-unboost|p2a: Medicham|def|1",
      "|-unboost|p2a: Medicham|spd|1",
      "|faint|p1a: Walking Wake",
      "|-end|p1a: Walking Wake|Protosynthesis|[silent]",
      "|",
      "|-weather|SunnyDay|[upkeep]",
      "|upkeep",
      "|",
      "|switch|p1a: Clodsire|Clodsire, M|100/100",
      "|-damage|p1a: Clodsire|94/100|[from] Stealth Rock"
    ],
    "8": [
      "|",
      "|switch|p2a: Armarouge|Armarouge, M|100/100",
      "|move|p1a: Clodsire|Earthquake|p2a: Armarouge",
      "|-supereffective|p2a: Armarouge",
      "|-damage|p2a: Armarouge|44/100",
      "|-ability|p2a: Armarouge|Weak Armor|boost",
      "|-unboost|p2a: Armarouge|def|1",
      "|-boost|p2a: Armarouge|spe|2",
      "|-enditem|p2a: Armarouge|Weakness Policy",
      "|-boost|p2a: Armarouge|atk|2|[from] item: Weakness Policy",
      "|-boost|p2a: Armarouge|spa|2|[from] item: Weakness Policy",
      "|",
      "|-weather|none",
      "|-heal|p1a: Clodsire|100/100|[from] item: Leftovers",
      "|upkeep"
    ],
    "9": [
      "|",
      "|move|p2a: Armarouge|Stored Power|p1a: Clodsire",
      "|-supereffective|p1a: Clodsire",
      "|-damage|p1a: Clodsire|0 fnt",
      "|faint|p1a: Clodsire",
      "|",
      "|upkeep",
      "|",
      "|switch|p1a: Wyrdeer|Wyrdeer, M, shiny|100/100",
      "|-damage|p1a: Wyrdeer|88/100|[from] Stealth Rock",
      "|-ability|p1a: Wyrdeer|Intimidate|boost",
      "|-unboost|p2a: Armarouge|atk|1"
    ],
    "10": [
      "|",
      "|move|p2a: Armarouge|Armor Cannon|p1a: Wyrdeer",
      "|-damage|p1a: Wyrdeer|16/100",
      "|-unboost|p2a: Armarouge|def|1",
      "|-unboost|p2a: Armarouge|spd|1",
      "|move|p1a: Wyrdeer|Lunge|p2a: Armarouge",
      "|-damage|p2a: Armarouge|0 fnt",
      "|faint|p2a: Armarouge",
      "|",
      "|upkeep",
      "|",
      "|switch|p2a: Medicham|Medicham, M|26/100"
    ],
    "11": [
      "|",
      "|switch|p2a: Ting-Lu Slayer|Gardevoir, F|100/100",
      "|-ability|p2a: Ting-Lu Slayer|Intimidate|boost",
      "|-unboost|p1a: Wyrdeer|atk|1",
      "|-ability|p2a: Ting-Lu Slayer|Intimidate|[from] ability: Trace|[of] p1a: Wyrdeer",
      "|move|p1a: Wyrdeer|Psyshield Bash|p2a: Ting-Lu Slayer|[miss]",
      "|-miss|p1a: Wyrdeer|p2a: Ting-Lu Slayer",
      "|",
      "|-fieldend|move: Psychic Terrain",
      "|upkeep"
    ],
    "12": [
      "|",
      "|switch|p2a: Fodder|Indeedee, M|100/100",
      "|-fieldstart|move: Psychic Terrain|[from] ability: Psychic Surge|[of] p2a: Fodder",
      "|move|p1a: Wyrdeer|Lunge|p2a: Fodder",
      "|-supereffective|p2a: Fodder",
      "|-damage|p2a: Fodder|30/100",
      "|-unboost|p2a: Fodder|atk|1",
      "|",
      "|upkeep"
    ],
    "13": [
      "|",
      "|move|p2a: Fodder|Expanding Force|p1a: Wyrdeer",
      "|-resisted|p1a: Wyrdeer",
      "|-damage|p1a: Wyrdeer|0 fnt",
      "|faint|p1a: Wyrdeer",
      "|",
      "|upkeep",
      "|",
      "|switch|p1a: Great Tusk|Great Tusk|100/100"
    ],
    "14": [
      "|",
      "|-terastallize|p1a: Great Tusk|Fairy",
      "|move|p2a: Fodder|Expanding Force|p1a: Great Tusk",
      "|-damage|p1a: Great Tusk|1/100",
      "|move|p1a: Great Tusk|Earthquake|p2a: Fodder",
      "|-damage|p2a: Fodder|0 fnt",
      "|faint|p2a: Fodder",
      "|",
      "|upkeep",
      "|",
      "|switch|p2a: Medicham|Medicham, M|26/100"
    ],
    "15": [
      "|",
      "|move|p2a: Medicham|Psycho Cut|p1a: Great Tusk",
      "|-damage|p1a: Great Tusk|0 fnt",
      "|faint|p1a: Great Tusk",
      "|-end|p1a: Great Tusk|Protosynthesis|[silent]",
      "|",
      "|upkeep",
      "|",
      "|switch|p1a: Ninetales|Ninetales, M, shiny|2/100",
      "|-damage|p1a: Ninetales|0 fnt|[from] Stealth Rock",
      "|faint|p1a: Ninetales",
      "|",
      "|win|XxRimxX"
    ]
  }
}