{
  "id": "gen9ou-2359081342",
  "format": "[Gen 9] OU",
  "players": [
    "jeieooe9w",
    "UncleQuack"
  ],
  "pre_battle": [
    "|player|p1|jeieooe9w|cynthia|1426",
    "|player|p2|UncleQuack|170|1355",
    "|teamsize|p1|6",
    "|teamsize|p2|6",
    "|gen|9",
    "|tier|[Gen 9] OU",
    "|clearpoke",
    "|teampreview",
    "|",
    "|start",
    "|switch|p1a: Charjabug|Charjabug, M|100/100",
    "|switch|p2a: Walking Wake|Walking Wake|100/100",
    "|player|p1|",
    "|player|p2|"
  ],
  "turns": {
    "1": [
      "|",
      "|move|p2a: Walking Wake|Draco Meteor|p1a: Charjabug",
      "|-crit|p1a: Charjabug",
      "|-damage|p1a: Charjabug|0 fnt",
      "|-unboost|p2a: Walking Wake|spa|2",
      "|faint|p1a: Charjabug",
      "|",
      "|upkeep",
      "|",
      "|switch|p1a: Keldeo|Keldeo-Resolute|100/100"
    ],
    "2": [
      "|",
      "|-end|p2a: Walking Wake|Protosynthesis|[silent]",
      "|switch|p2a: Ceruledge|Ceruledge, F|100/100",
      "|move|p1a: Keldeo|Calm Mind|p1a: Keldeo",
      "|-boost|p1a: Keldeo|spa|1",
      "|-boost|p1a: Keldeo|spd|1",
      "|",
      "|upkeep"
    ],
    "3": [
      "|",
      "|-terastallize|p2a: Ceruledge|Grass",
      "|move|p1a: Keldeo|Surf|p2a: Ceruledge",
      "|-resisted|p2a: Ceruledge",
      "|-damage|p2a: Ceruledge|54/100",
      "|move|p2a: Ceruledge|Tera Blast|p1a: Keldeo|[anim] Tera Blast Grass",
      "|-supereffective|p1a: Keldeo",
      "|-damage|p1a: Keldeo|0 fnt",
      "|faint|p1a: Keldeo",
      "|",
      "|upkeep",
      "|",
      "|switch|p1a: Rotom|Rotom|100/100"
    ],
    "4": [
      "|",
      "|move|p2a: Ceruledge|Shadow Sneak|p1a: Rotom",
      "|-supereffective|p1a: Rotom",
      "|-damage|p1a: Rotom|21/100",
      "|move|p1a: Rotom|Shadow Ball|p2a: Ceruledge",
      "|-damage|p2a: Ceruledge|8/100",
      "|-damage|p1a: Rotom|11/100|[from] item: Life Orb",
      "|",
      "|upkeep"
    ],
    "5": [
      "|",
      "|move|p2a: Ceruledge|Shadow Sneak|p1a: Rotom",
      "|-supereffective|p1a: Rotom",
      "|-damage|p1a: Rotom|0 fnt",
      "|faint|p1a: Rotom",
      "|",
      "|upkeep",
      "|",
      "|switch|p1a: Great Tusk|Great Tusk|100/100",
      "|-enditem|p1a: Great Tusk|Booster Energy",
      "|-activate|p1a: Great Tusk|ability: Protosynthesis|[fromitem]",
      "|-start|p1a: Great Tusk|protosynthesisatk"
    ],
    "6": [
      "|",
      "|move|p1a: Great Tusk|Rapid Spin|p2a: Ceruledge",
      "|-damage|p2a: Ceruledge|0 fnt",
      "|-boost|p1a: Great Tusk|spe|1",
      "|faint|p2a: Ceruledge",
      "|",
      "|upkeep",
      "|",
      "|switch|p2a: Ditto|Ditto|100/100",
      "|-transform|p2a: Ditto|p1a: Great Tusk|[from] ability: Imposter"
    ],
    "7": [
      "|",
      "|move|p2a: Ditto|Headlong Rush|p1a: Great Tusk",
      "|-damage|p1a: Great Tusk|57/100",
      "|-unboost|p2a: Ditto|def|1",
      "|-unboost|p2a: Ditto|spd|1",
      "|move|p1a: Great Tusk|Rapid Spin|p2a: Ditto",
      "|-damage|p2a: Ditto|71/100",
      "|-boost|p1a: Great Tusk|spe|1",
      "|",
      "|upkeep"
    ],
    "8": [
      "|",
      "|-end|p2a: Ditto|Protosynthesis|[silent]",
      "|switch|p2a: Torkoal|Torkoal, F|100/100",
      "|-weather|SunnyDay|[from] ability: Drought|[of] p2a: Torkoal",
      "|-terastallize|p1a: Great Tusk|Fighting",
      "|move|p1a: Great Tusk|Close Combat|p2a: Torkoal",
      "|-damage|p2a: Torkoal|39/100",
      "|-unboost|p1a: Great Tusk|def|1",
      "|-unboost|p1a: Great Tusk|spd|1",
      "|",
      "|-weather|SunnyDay|[upkeep]",
      "|upkeep"
    ],
    "9": [
      "|",
      "|move|p1a: Great Tusk|Headlong Rush|p2a: Torkoal",
      "|-supereffective|p2a: Torkoal",
      "|-damage|p2a: Torkoal|0 fnt",
      "|-unboost|p1a: Great Tusk|def|1",
      "|-unboost|p1a: Great Tusk|spd|1",
      "|faint|p2a: Torkoal",
      "|",
      "|-weather|SunnyDay|[upkeep]",
      "|upkeep",
      "|",
      "|switch|p2a: Ditto|Ditto|71/100",
      "|-transform|p2a: Ditto|p1a: Great Tusk|[from] ability: Imposter",
      "|-start|p2a: Ditto|typechange|Ground/Fighting|[silent]"
    ],
    "10": [
      "|",
      "|-end|p1a: Great Tusk|Protosynthesis|[silent]",
      "|switch|p1a: Metagross|Metagross|100/100",
      "|move|p2a: Ditto|Headlong Rush|p1a: Metagross",
      "|-supereffective|p1a: Metagross",
      "|-damage|p1a: Metagross|0 fnt",
      "|-unboost|p2a: Ditto|def|1",
      "|-unboost|p2a: Ditto|spd|1",
      "|faint|p1a: Metagross",
      "|",
      "|-weather|SunnyDay|[upkeep]",
      "|upkeep",
      "|",
      "|switch|p1a: Gholdengo|Gholdengo|100/100"
    ],
    "11": [
      "|",
      "|-end|p2a: Ditto|Protosynthesis|[silent]",
      "|switch|p2a: Walking Wake|Walking Wake|100/100",
      "|-activate|p2a: Walking Wake|ability: Protosynthesis",
      "|-start|p2a: Walking Wake|protosynthesisspa",
      "|move|p1a: Gholdengo|Shadow Ball|p2a: Walking Wake",
      "|-damage|p2a: Walking Wake|51/100",
      "|",
      "|-weather|SunnyDay|[upkeep]",
      "|upkeep"
    ],
    "12": [
      "|",
      "|move|p2a: Walking Wake|Hydro Steam|p1a: Gholdengo",
      "|-damage|p1a: Gholdengo|0 fnt",
      "|faint|p1a: Gholdengo",
      "|",
      "|-weather|SunnyDay|[upkeep]",
      "|upkeep",
      "|",
      "|switch|p1a: Great Tusk|Great Tusk, tera:Fighting|57/100",
      "|-activate|p1a: Great Tusk|ability: Protosynthesis",
      "|-start|p1a: Great Tusk|protosynthesisatk"
    ],
    "13": [
      "|",
      "|move|p2a: Walking Wake|Hydro Steam|p1a: Great Tusk",
      "|-damage|p1a: Great Tusk|0 fnt",
      "|faint|p1a: Great Tusk",
      "|-end|p1a: Great Tusk|Protosynthesis|[silent]",
      "|",
      "|win|UncleQuack"
    ]
  }
}