{
  "id": "gen9ou-2359088189",
  "format": "[Gen 9] OU",
  "players": [
    "trueman98",
    "olimar90"
  ],
  "pre_battle": [
    "|player|p1|trueman98|2|1263",
    "|player|p2|olimar90|preschooler|1234",
    "|teamsize|p1|6",
    "|teamsize|p2|6",
    "|gen|9",
    "|tier|[Gen 9] OU",
    "|clearpoke",
    "|teampreview",
    "|",
    "|start",
    "|switch|p1a: Vikavolt|Vikavolt, M|100/100",
    "|switch|p2a: Leavanny|Leavanny, F|100/100",
    "|player|p1|",
    "|player|p2|"
  ],
  "turns": {
    "1": [
      "|",
      "|move|p2a: Leavanny|Sticky Web|p1a: Vikavolt",
      "|-sidestart|p1: trueman98|move: Sticky Web",
      "|move|p1a: Vikavolt|Sticky Web|p2a: Leavanny",
      "|-sidestart|p2: olimar90|move: Sticky Web",
      "|",
      "|upkeep"
    ],
    "2": [
      "|",
      "|move|p2a: Leavanny|Knock Off|p1a: Vikavolt",
      "|-damage|p1a: Vikavolt|68/100",
      "|-enditem|p1a: Vikavolt|Leftovers|[from] move: Knock Off|[of] p2a: Leavanny",
      "|move|p1a: Vikavolt|Bug Buzz|p2a: Leavanny",
      "|-supereffective|p2a: Leavanny",
      "|-enditem|p2a: Leavanny|Focus Sash",
      "|-damage|p2a: Leavanny|1/100",
      "|",
      "|upkeep"
    ],
    "3": [
      "|",
      "|move|p2a: Leavanny|X-Scissor|p1a: Vikavolt",
      "|-damage|p1a: Vikavolt|29/100",
      "|move|p1a: Vikavolt|Volt Switch|p2a: Leavanny",
      "|-resisted|p2a: Leavanny",
      "|-damage|p2a: Leavanny|0 fnt",
      "|faint|p2a: Leavanny",
      "|",
      "|switch|p1a: Scyther|Scyther, M|100/100|[from] Volt Switch",
      "|",
      "|upkeep",
      "|",
      "|switch|p2a: Landorus|Landorus-Therian, M|100/100",
      "|-ability|p2a: Landorus|Intimidate|boost",
      "|-unboost|p1a: Scyther|atk|1"
    ],
    "4": [
      "|",
      "|move|p1a: Scyther|U-turn|p2a: Landorus",
      "|-resisted|p2a: Landorus",
      "|-damage|p2a: Landorus|89/100",
      "|",
      "|switch|p1a: Vikavolt|Vikavolt, M|29/100|[from] U-turn",
      "|move|p2a: Landorus|Rock Slide|p1a: Vikavolt",
      "|-supereffective|p1a: Vikavolt",
      "|-damage|p1a: Vikavolt|0 fnt",
      "|faint|p1a: Vikavolt",
      "|",
      "|upkeep",
      "|",
      "|switch|p1a: Incineroar|Incineroar, M|100/100",
      "|-activate|p1a: Incineroar|move: Sticky Web",
      "|-unboost|p1a: Incineroar|spe|1",
      "|-ability|p1a: Incineroar|Intimidate|boost",
      "|-unboost|p2a: Landorus|atk|1"
    ],
    "5": [
      "|",
      "|move|p1a: Incineroar|Fake Out|p2a: Landorus",
      "|-damage|p2a: Landorus|71/100",
      "|cant|p2a: Landorus|flinch",
      "|",
      "|upkeep"
    ],
    "6": [
      "|",
      "|switch|p1a: Scyther|Scyther, M|100/100",
      "|move|p2a: Landorus|U-turn|p1a: Scyther",
      "|-resisted|p1a: Scyther",
      "|-damage|p1a: Scyther|89/100",
      "|",
      "|switch|p2a: Primarina|Primarina, F|100/100|[from] U-turn",
      "|-activate|p2a: Primarina|move: Sticky Web",
      "|-unboost|p2a: Primarina|spe|1",
      "|",
      "|upkeep"
    ],
    "7": [
      "|",
      "|move|p1a: Scyther|U-turn|p2a: Primarina",
      "|-resisted|p2a: Primarina",
      "|-damage|p2a: Primarina|84/100",
      "|",
      "|switch|p1a: Lapras|Lapras, M|100/100|[from] U-turn",
      "|-activate|p1a: Lapras|move: Sticky Web",
      "|-unboost|p1a: Lapras|spe|1",
      "|move|p2a: Primarina|Hyper Voice|p1a: Lapras",
      "|-immune|p1a: Lapras|[from] ability: Water Absorb",
      "|",
      "|upkeep"
    ],
    "8": [
      "|",
      "|move|p1a: Lapras|Dragon Dance|p1a: Lapras",
      "|-boost|p1a: Lapras|atk|1",
      "|-boost|p1a: Lapras|spe|1",
      "|move|p2a: Primarina|Moonblast|p1a: Lapras",
      "|-damage|p1a: Lapras|59/100",
      "|",
      "|upkeep"
    ],
    "9": [
      "|",
      "|move|p1a: Lapras|Dragon Dance|p1a: Lapras",
      "|-boost|p1a: Lapras|atk|1",
      "|-boost|p1a: Lapras|spe|1",
      "|move|p2a: Primarina|Moonblast|p1a: Lapras",
      "|-damage|p1a: Lapras|13/100",
      "|",
      "|upkeep"
    ],
    "10": [
      "|",
      "|move|p1a: Lapras|Freeze-Dry|p2a: Primarina",
      "|-supereffective|p2a: Primarina",
      "|-damage|p2a: Primarina|49/100",
      "|-damage|p1a: Lapras|3/100|[from] item: Life Orb",
      "|move|p2a: Primarina|Moonblast|p1a: Lapras",
      "|-damage|p1a: Lapras|0 fnt",
      "|faint|p1a: Lapras",
      "|",
      "|upkeep",
      "|",
      "|switch|p1a: Scyther|Scyther, M|89/100"
    ],
    "11": [
      "|",
      "|move|p1a: Scyther|Swords Dance|p1a: Scyther",
      "|-boost|p1a: Scyther|atk|2",
      "|move|p2a: Primarina|Hyper Voice|p1a: Scyther",
      "|-damage|p1a: Scyther|17/100",
      "|",
      "|upkeep"
    ],
    "12": [
      "|",
      "|move|p1a: Scyther|Dual Wingbeat|p2a: Primarina|[miss]",
      "|-miss|p1a: Scyther|p2a: Primarina",
      "|move|p2a: Primarina|Hyper Voice|p1a: Scyther",
      "|-damage|p1a: Scyther|0 fnt",
      "|faint|p1a: Scyther",
      "|",
      "|upkeep",
      "|-message|trueman98 forfeited.",
      "|",
      "|win|olimar90"
    ]
  }
}