{
  "id": "gen9ou-2359087477",
  "format": "[Gen 9] OU",
  "players": [
    "sushi tinna",
    "5 POLLO ASADO"
  ],
  "pre_battle": [
    "|player|p1|sushi tinna|170|1130",
    "|player|p2|5 POLLO ASADO|hiker-gen4|1195",
    "|teamsize|p1|6",
    "|teamsize|p2|6",
    "|gen|9",
    "|tier|[Gen 9] OU",
    "|clearpoke",
    "|teampreview",
    "|",
    "|start",
    "|switch|p1a: Glimmora|Glimmora, F|100/100",
    "|switch|p2a: Walking Wake|Walking Wake|100/100"
  ],
  "turns": {
    "1": [
      "|",
      "|move|p2a: Walking Wake|Hydro Steam|p1a: Glimmora",
      "|-supereffective|p1a: Glimmora",
      "|-enditem|p1a: Glimmora|Focus Sash",
      "|-damage|p1a: Glimmora|1/100",
      "|move|p1a: Glimmora|Sludge Wave|p2a: Walking Wake",
      "|-damage|p2a: Walking Wake|41/100",
      "|",
      "|upkeep"
    ],
    "2": [
      "|",
      "|move|p2a: Walking Wake|Hydro Steam|p1a: Glimmora",
      "|-supereffective|p1a: Glimmora",
      "|-damage|p1a: Glimmora|0 fnt",
      "|faint|p1a: Glimmora",
      "|",
      "|upkeep",
      "|",
      "|switch|p1a: Breloom|Breloom, M|100/100"
    ],
    "3": [
      "|",
      "|-end|p2a: Walking Wake|Protosynthesis|[silent]",
      "|switch|p2a: Torkoal|Torkoal, M|100/100",
      "|-weather|SunnyDay|[from] ability: Drought|[of] p2a: Torkoal",
      "|move|p1a: Breloom|Bullet Seed|p2a: Torkoal",
      "|-resisted|p2a: Torkoal",
      "|-damage|p2a: Torkoal|95/100",
      "|-resisted|p2a: Torkoal",
      "|-damage|p2a: Torkoal|90/100",
      "|-resisted|p2a: Torkoal",
      "|-damage|p2a: Torkoal|85/100",
      "|-resisted|p2a: Torkoal",
      "|-damage|p2a: Torkoal|79/100",
      "|-resisted|p2a: Torkoal",
      "|-damage|p2a: Torkoal|73/100",
      "|-hitcount|p2a: Torkoal|5",
      "|",
      "|-weather|SunnyDay|[upkeep]",
      "|upkeep"
    ],
    "4": [
      "|",
      "|move|p1a: Breloom|Bulldoze|p2a: Torkoal",
      "|-supereffective|p2a: Torkoal",
      "|-damage|p2a: Torkoal|36/100",
      "|-unboost|p2a: Torkoal|spe|1",
      "|move|p2a: Torkoal|Will-O-Wisp|p1a: Breloom",
      "|-status|p1a: Breloom|brn",
      "|",
      "|-weather|SunnyDay|[upkeep]",
      "|-damage|p1a: Breloom|94/100 brn|[from] brn",
      "|upkeep"
    ],
    "5": [
      "|",
      "|move|p1a: Breloom|Swords Dance|p1a: Breloom",
      "|-boost|p1a: Breloom|atk|2",
      "|move|p2a: Torkoal|Stealth Rock|p1a: Breloom",
      "|-sidestart|p1: sushi tinna|move: Stealth Rock",
      "|",
      "|-weather|SunnyDay|[upkeep]",
      "|-damage|p1a: Breloom|88/100 brn|[from] brn",
      "|upkeep"
    ],
    "6": [
      "|",
      "|switch|p2a: Pelipper|Pelipper, M|100/100",
      "|-weather|RainDance|[from] ability: Drizzle|[of] p2a: Pelipper",
      "|move|p1a: Breloom|Bulldoze|p2a: Pelipper",
      "|-immune|p2a: Pelipper",
      "|",
      "|-weather|RainDance|[upkeep]",
      "|-damage|p1a: Breloom|82/100 brn|[from] brn",
      "|upkeep"
    ],
    "7": [
      "|",
      "|move|p1a: Breloom|Bullet Seed|p2a: Pelipper",
      "|-damage|p2a: Pelipper|85/100",
      "|-damage|p2a: Pelipper|70/100",
      "|-damage|p2a: Pelipper|54/100",
      "|-damage|p2a: Pelipper|39/100",
      "|-hitcount|p2a: Pelipper|4",
      "|move|p2a: Pelipper|Hurricane|p1a: Breloom",
      "|-supereffective|p1a: Breloom",
      "|-damage|p1a: Breloom|0 fnt",
      "|faint|p1a: Breloom",
      "|",
      "|-weather|RainDance|[upkeep]",
      "|upkeep",
      "|",
      "|switch|p1a: Cinderace|Cinderace, M|100/100",
      "|-damage|p1a: Cinderace|76/100|[from] Stealth Rock"
    ],
    "8": [
      "|",
      "|move|p1a: Cinderace|Court Change|p1a: Cinderace",
      "|-start|p1a: Cinderace|typechange|Normal|[from] ability: Libero",
      "|-swapsideconditions",
      "|-activate|p1a: Cinderace|move: Court Change",
      "|move|p2a: Pelipper|Hydro Pump|p1a: Cinderace|[miss]",
      "|-miss|p2a: Pelipper|p1a: Cinderace",
      "|",
      "|-weather|RainDance|[upkeep]",
      "|upkeep"
    ],
    "9": [
      "|",
      "|move|p1a: Cinderace|Zen Headbutt|p2a: Pelipper",
      "|-damage|p2a: Pelipper|15/100",
      "|-damage|p1a: Cinderace|66/100|[from] item: Life Orb",
      "|move|p2a: Pelipper|U-turn|p1a: Cinderace",
      "|-damage|p1a: Cinderace|53/100",
      "|",
      "|switch|p2a: Cinderace|Cinderace, M|100/100|[from] U-turn",
      "|",
      "|-weather|RainDance|[upkeep]",
      "|upkeep"
    ],
    "10": [
      "|",
      "|move|p2a: Cinderace|Will-O-Wisp|p1a: Cinderace",
      "|-status|p1a: Cinderace|brn",
      "|move|p1a: Cinderace|High Jump Kick|p2a: Cinderace",
      "|-damage|p2a: Cinderace|65/100",
      "|-damage|p1a: Cinderace|43/100 brn|[from] item: Life Orb",
      "|",
      "|-weather|RainDance|[upkeep]",
      "|-damage|p1a: Cinderace|37/100 brn|[from] brn",
      "|upkeep"
    ],
    "11": [
      "|",
      "|move|p2a: Cinderace|Court Change|p2a: Cinderace",
      "|-start|p2a: Cinderace|typechange|Normal|[from] ability: Libero",
      "|-swapsideconditions",
      "|-activate|p2a: Cinderace|move: Court Change",
      "|move|p1a: Cinderace|High Jump Kick|p2a: Cinderace",
      "|-supereffective|p2a: Cinderace",
      "|-damage|p2a: Cinderace|0 fnt",
      "|faint|p2a: Cinderace",
      "|-damage|p1a: Cinderace|27/100 brn|[from] item: Life Orb",
      "|",
      "|-weather|RainDance|[upkeep]",
      "|-damage|p1a: Cinderace|21/100 brn|[from] brn",
      "|upkeep",
      "|",
      "|switch|p2a: Raging Bolt|Raging Bolt|100/100"
    ],
    "12": [
      "|",
      "|move|p2a: Raging Bolt|Weather Ball|p1a: Cinderace",
      "|-damage|p1a: Cinderace|0 fnt",
      "|faint|p1a: Cinderace",
      "|",
      "|-weather|RainDance|[upkeep]",
      "|upkeep",
      "|",
      "|switch|p1a: Mamoswine|Mamoswine, F|100/100",
      "|-damage|p1a: Mamoswine|88/100|[from] Stealth Rock"
    ],
    "13": [
      "|",
      "|-end|p2a: Raging Bolt|Protosynthesis|[silent]",
      "|switch|p2a: Torkoal|Torkoal, M|36/100",
      "|-weather|SunnyDay|[from] ability: Drought|[of] p2a: Torkoal",
      "|-terastallize|p1a: Mamoswine|Grass",
      "|move|p1a: Mamoswine|Trailblaze|p2a: Torkoal",
      "|-resisted|p2a: Torkoal",
      "|-crit|p2a: Torkoal",
      "|-damage|p2a: Torkoal|22/100",
      "|-boost|p1a: Mamoswine|spe|1",
      "|",
      "|-weather|SunnyDay|[upkeep]",
      "|upkeep"
    ],
    "14": [
      "|",
      "|move|p1a: Mamoswine|Earthquake|p2a: Torkoal",
      "|-supereffective|p2a: Torkoal",
      "|-damage|p2a: Torkoal|0 fnt",
      "|faint|p2a: Torkoal",
      "|",
      "|-weather|SunnyDay|[upkeep]",
      "|upkeep",
      "|",
      "|switch|p2a: Alomomola|Alomomola, F|100/100"
    ],
    "15": [
      "|",
      "|move|p1a: Mamoswine|Trailblaze|p2a: Alomomola",
      "|-supereffective|p2a: Alomomola",
      "|-damage|p2a: Alomomola|50/100",
      "|-boost|p1a: Mamoswine|spe|1",
      "|move|p2a: Alomomola|Healing Wish|p2a: Alomomola",
      "|faint|p2a: Alomomola",
      "|",
      "|-weather|SunnyDay|[upkeep]",
      "|upkeep",
      "|",
      "|switch|p2a: Walking Wake|Walking Wake|41/100",
      "|-heal|p2a: Walking Wake|100/100|[from] move: Healing Wish",
      "|-activate|p2a: Walking Wake|ability: Protosynthesis",
      "|-start|p2a: Walking Wake|protosynthesisspa"
    ],
    "16": [
      "|",
      "|move|p1a: Mamoswine|Icicle Spear|p2a: Walking Wake",
      "|-damage|p2a: Walking Wake|86/100",
      "|-damage|p2a: Walking Wake|70/100",
      "|-damage|p2a: Walking Wake|55/100",
      "|-crit|p2a: Walking Wake",
      "|-damage|p2a: Walking Wake|33/100",
      "|-damage|p2a: Walking Wake|19/100",
      "|-hitcount|p2a: Walking Wake|5",
      "|move|p2a: Walking Wake|Flamethrower|p1a: Mamoswine",
      "|-supereffective|p1a: Mamoswine",
      "|-damage|p1a: Mamoswine|0 fnt",
      "|faint|p1a: Mamoswine",
      "|",
      "|-weather|SunnyDay|[upkeep]",
      "|upkeep",
      "|-message|sushi tinna forfeited.",
      "|",
      "|win|5 POLLO ASADO"
    ]
  }
}