{
  "id": "gen9ou-2359121564",
  "format": "[Gen 9] OU",
  "players": [
    "Loyd09",
    "GoodlilDeino"
  ],
  "pre_battle": [
    "|player|p1|Loyd09|grimsley|1518",
    "|player|p2|GoodlilDeino|pokemaniac|1492",
    "|teamsize|p1|6",
    "|teamsize|p2|6",
    "|gen|9",
    "|tier|[Gen 9] OU",
    "|clearpoke",
    "|teampreview",
    "|",
    "|start",
    "|switch|p1a: Walking Wake|Walking Wake|100/100",
    "|switch|p2a: Thundurus|Thundurus-Therian, M|100/100",
    "|player|p2|",
    "|player|p1|"
  ],
  "turns": {
    "1": [
      "|",
      "|switch|p2a: Corviknight|Corviknight, M|100/100",
      "|-ability|p2a: Corviknight|Pressure",
      "|move|p1a: Walking Wake|Flip Turn|p2a: Corviknight",
      "|-damage|p2a: Corviknight|91/100",
      "|-damage|p1a: Walking Wake|84/100|[from] item: Rocky Helmet|[of] p2a: Corviknight",
      "|",
      "|-end|p1a: Walking Wake|Protosynthesis|[silent]",
      "|switch|p1a: Ninetales|Ninetales, M|100/100|[from] Flip Turn",
      "|-weather|SunnyDay|[from] ability: Drought|[of] p1a: Ninetales",
      "|",
      "|-weather|SunnyDay|[upkeep]",
      "|upkeep"
    ],
    "2": [
      "|",
      "|switch|p1a: Slither Wing|Slither Wing|100/100",
      "|-activate|p1a: Slither Wing|ability: Protosynthesis",
      "|-start|p1a: Slither Wing|protosynthesisatk",
      "|switch|p2a: Ting-Lu|Ting-Lu|100/100",
      "|-ability|p2a: Ting-Lu|Vessel of Ruin",
      "|",
      "|-weather|SunnyDay|[upkeep]",
      "|upkeep"
    ],
    "3": [
      "|",
      "|switch|p2a: Corviknight|Corviknight, M|91/100",
      "|-ability|p2a: Corviknight|Pressure",
      "|move|p1a: Slither Wing|U-turn|p2a: Corviknight",
      "|-resisted|p2a: Corviknight",
      "|-damage|p2a: Corviknight|83/100",
      "|-damage|p1a: Slither Wing|84/100|[from] item: Rocky Helmet|[of] p2a: Corviknight",
      "|",
      "|-end|p1a: Slither Wing|Protosynthesis|[silent]",
      "|switch|p1a: Walking Wake|Walking Wake|84/100|[from] U-turn",
      "|-activate|p1a: Walking Wake|ability: Protosynthesis",
      "|-start|p1a: Walking Wake|protosynthesisspa",
      "|",
      "|-weather|SunnyDay|[upkeep]",
      "|upkeep"
    ],
    "4": [
      "|",
      "|move|p1a: Walking Wake|Hydro Steam|p2a: Corviknight",
      "|-damage|p2a: Corviknight|0 fnt",
      "|faint|p2a: Corviknight",
      "|",
      "|-weather|SunnyDay|[upkeep]",
      "|upkeep",
      "|",
      "|switch|p2a: Hydreigon|Hydreigon, M|100/100"
    ],
    "5": [
      "|",
      "|-end|p1a: Walking Wake|Protosynthesis|[silent]",
      "|switch|p1a: Ting-Lu|Ting-Lu|100/100",
      "|-ability|p1a: Ting-Lu|Vessel of Ruin",
      "|move|p2a: Hydreigon|Substitute|p2a: Hydreigon",
      "|-start|p2a: Hydreigon|Substitute",
      "|-damage|p2a: Hydreigon|76/100",
      "|",
      "|-weather|SunnyDay|[upkeep]",
      "|-heal|p2a: Hydreigon|82/100|[from] item: Leftovers",
      "|upkeep"
    ],
    "6": [
      "|",
      "|move|p2a: Hydreigon|Draco Meteor|p1a: Ting-Lu",
      "|-damage|p1a: Ting-Lu|72/100",
      "|-unboost|p2a: Hydreigon|spa|2",
      "|move|p1a: Ting-Lu|Whirlwind|p2a: Hydreigon",
      "|drag|p2a: Ting-Lu|Ting-Lu|100/100",
      "|-ability|p2a: Ting-Lu|Vessel of Ruin",
      "|",
      "|-weather|SunnyDay|[upkeep]",
      "|-heal|p1a: Ting-Lu|78/100|[from] item: Leftovers",
      "|upkeep"
    ],
    "7": [
      "|",
      "|switch|p1a: Slither Wing|Slither Wing|84/100",
      "|-activate|p1a: Slither Wing|ability: Protosynthesis",
      "|-start|p1a: Slither Wing|protosynthesisatk",
      "|move|p2a: Ting-Lu|Stealth Rock|p1a: Slither Wing",
      "|-sidestart|p1: Loyd09|move: Stealth Rock",
      "|",
      "|-weather|SunnyDay|[upkeep]",
      "|upkeep"
    ],
    "8": [
      "|",
      "|-terastallize|p2a: Ting-Lu|Ghost",
      "|move|p1a: Slither Wing|U-turn|p2a: Ting-Lu",
      "|-resisted|p2a: Ting-Lu",
      "|-damage|p2a: Ting-Lu|87/100",
      "|",
      "|-end|p1a: Slither Wing|Protosynthesis|[silent]",
      "|switch|p1a: Ting-Lu|Ting-Lu|78/100|[from] U-turn",
      "|-damage|p1a: Ting-Lu|72/100|[from] Stealth Rock",
      "|-ability|p1a: Ting-Lu|Vessel of Ruin",
      "|move|p2a: Ting-Lu|Whirlwind|p1a: Ting-Lu",
      "|drag|p1a: Slither Wing|Slither Wing|84/100",
      "|-damage|p1a: Slither Wing|72/100|[from] Stealth Rock",
      "|-activate|p1a: Slither Wing|ability: Protosynthesis",
      "|-start|p1a: Slither Wing|protosynthesisatk",
      "|",
      "|-weather|none",
      "|-end|p1a: Slither Wing|Protosynthesis",
      "|-heal|p2a: Ting-Lu|93/100|[from] item: Leftovers",
      "|upkeep"
    ],
    "9": [
      "|",
      "|move|p1a: Slither Wing|U-turn|p2a: Ting-Lu",
      "|-resisted|p2a: Ting-Lu",
      "|-damage|p2a: Ting-Lu|84/100",
      "|",
      "|-end|p1a: Slither Wing|Protosynthesis|[silent]",
      "|switch|p1a: Ting-Lu|Ting-Lu|72/100|[from] U-turn",
      "|-damage|p1a: Ting-Lu|65/100|[from] Stealth Rock",
      "|-ability|p1a: Ting-Lu|Vessel of Ruin",
      "|move|p2a: Ting-Lu|Whirlwind|p1a: Ting-Lu",
      "|drag|p1a: Walking Wake|Walking Wake|84/100",
      "|-damage|p1a: Walking Wake|72/100|[from] Stealth Rock",
      "|",
      "|-heal|p2a: Ting-Lu|90/100|[from] item: Leftovers",
      "|upkeep"
    ],
    "10": [
      "|",
      "|move|p1a: Walking Wake|Flip Turn|p2a: Ting-Lu",
      "|-damage|p2a: Ting-Lu|82/100",
      "|",
      "|-end|p1a: Walking Wake|Protosynthesis|[silent]",
      "|switch|p1a: Ting-Lu|Ting-Lu|65/100|[from] Flip Turn",
      "|-damage|p1a: Ting-Lu|59/100|[from] Stealth Rock",
      "|-ability|p1a: Ting-Lu|Vessel of Ruin",
      "|move|p2a: Ting-Lu|Earthquake|p1a: Ting-Lu",
      "|-damage|p1a: Ting-Lu|39/100",
      "|",
      "|-heal|p1a: Ting-Lu|45/100|[from] item: Leftovers",
      "|-heal|p2a: Ting-Lu|88/100|[from] item: Leftovers",
      "|upkeep"
    ],
    "11": [
      "|",
      "|move|p1a: Ting-Lu|Ruination|p2a: Ting-Lu",
      "|-damage|p2a: Ting-Lu|44/100",
      "|move|p2a: Ting-Lu|Whirlwind|p1a: Ting-Lu",
      "|drag|p1a: Venusaur|Venusaur, M|100/100",
      "|-damage|p1a: Venusaur|88/100|[from] Stealth Rock",
      "|",
      "|-heal|p2a: Ting-Lu|50/100|[from] item: Leftovers",
      "|upkeep"
    ],
    "12": [
      "|",
      "|move|p1a: Venusaur|Sludge Bomb|p2a: Ting-Lu",
      "|-resisted|p2a: Ting-Lu",
      "|-damage|p2a: Ting-Lu|39/100",
      "|-damage|p1a: Venusaur|78/100|[from] item: Life Orb",
      "|move|p2a: Ting-Lu|Earthquake|p1a: Venusaur",
      "|-damage|p1a: Venusaur|28/100",
      "|",
      "|-heal|p2a: Ting-Lu|45/100|[from] item: Leftovers",
      "|upkeep"
    ],
    "13": [
      "|",
      "|move|p1a: Venusaur|Sludge Bomb|p2a: Ting-Lu",
      "|-resisted|p2a: Ting-Lu",
      "|-damage|p2a: Ting-Lu|32/100",
      "|-status|p2a: Ting-Lu|psn",
      "|-damage|p1a: Venusaur|18/100|[from] item: Life Orb",
      "|move|p2a: Ting-Lu|Whirlwind|p1a: Venusaur",
      "|drag|p1a: Slither Wing|Slither Wing|72/100",
      "|-damage|p1a: Slither Wing|60/100|[from] Stealth Rock",
      "|",
      "|-heal|p2a: Ting-Lu|38/100 psn|[from] item: Leftovers",
      "|-damage|p2a: Ting-Lu|26/100 psn|[from] psn",
      "|upkeep"
    ],
    "14": [
      "|",
      "|move|p1a: Slither Wing|U-turn|p2a: Ting-Lu",
      "|-resisted|p2a: Ting-Lu",
      "|-damage|p2a: Ting-Lu|16/100 psn",
      "|",
      "|-end|p1a: Slither Wing|Protosynthesis|[silent]",
      "|switch|p1a: Ting-Lu|Ting-Lu|45/100|[from] U-turn",
      "|-damage|p1a: Ting-Lu|39/100|[from] Stealth Rock",
      "|-ability|p1a: Ting-Lu|Vessel of Ruin",
      "|move|p2a: Ting-Lu|Earthquake|p1a: Ting-Lu",
      "|-damage|p1a: Ting-Lu|19/100",
      "|",
      "|-heal|p1a: Ting-Lu|25/100|[from] item: Leftovers",
      "|-heal|p2a: Ting-Lu|23/100 psn|[from] item: Leftovers",
      "|-damage|p2a: Ting-Lu|10/100 psn|[from] psn",
      "|upkeep"
    ],
    "15": [
      "|",
      "|move|p2a: Ting-Lu|Earthquake|p1a: Ting-Lu",
      "|-damage|p1a: Ting-Lu|5/100",
      "|move|p1a: Ting-Lu|Earthquake|p2a: Ting-Lu",
      "|-damage|p2a: Ting-Lu|0 fnt",
      "|faint|p2a: Ting-Lu",
      "|",
      "|-heal|p1a: Ting-Lu|11/100|[from] item: Leftovers",
      "|upkeep",
      "|",
      "|switch|p2a: Tornadus|Tornadus-Therian, M|100/100"
    ],
    "16": [
      "|",
      "|move|p2a: Tornadus|U-turn|p1a: Ting-Lu",
      "|-supereffective|p1a: Ting-Lu",
      "|-damage|p1a: Ting-Lu|0 fnt",
      "|faint|p1a: Ting-Lu",
      "|",
      "|switch|p2a: Thundurus|Thundurus-Therian, M|100/100|[from] U-turn",
      "|",
      "|upkeep",
      "|",
      "|switch|p1a: Ninetales|Ninetales, M|100/100",
      "|-damage|p1a: Ninetales|76/100|[from] Stealth Rock",
      "|-weather|SunnyDay|[from] ability: Drought|[of] p1a: Ninetales"
    ],
    "17": [
      "|",
      "|switch|p1a: Great Tusk|Great Tusk|100/100",
      "|-activate|p1a: Great Tusk|ability: Protosynthesis",
      "|-start|p1a: Great Tusk|protosynthesisatk",
      "|move|p2a: Thundurus|Volt Switch|p1a: Great Tusk",
      "|-immune|p1a: Great Tusk",
      "|",
      "|-weather|SunnyDay|[upkeep]",
      "|upkeep"
    ],
    "18": [
      "|",
      "|switch|p2a: Tornadus|Tornadus-Therian, M|100/100",
      "|move|p1a: Great Tusk|Rapid Spin|p2a: Tornadus",
      "|-damage|p2a: Tornadus|73/100",
      "|-boost|p1a: Great Tusk|spe|1",
      "|-sideend|p1: Loyd09|Stealth Rock|[from] move: Rapid Spin|[of] p1a: Great Tusk",
      "|",
      "|-weather|SunnyDay|[upkeep]",
      "|upkeep"
    ],
    "19": [
      "|",
      "|move|p1a: Great Tusk|Ice Spinner|p2a: Tornadus",
      "|-supereffective|p2a: Tornadus",
      "|-damage|p2a: Tornadus|0 fnt",
      "|faint|p2a: Tornadus",
      "|",
      "|-weather|SunnyDay|[upkeep]",
      "|upkeep",
      "|",
      "|switch|p2a: Zamazenta|Zamazenta|100/100",
      "|-ability|p2a: Zamazenta|Dauntless Shield|boost",
      "|-boost|p2a: Zamazenta|def|1"
    ],
    "20": [
      "|",
      "|-end|p1a: Great Tusk|Protosynthesis|[silent]",
      "|switch|p1a: Venusaur|Venusaur, M|18/100",
      "|move|p2a: Zamazenta|Iron Defense|p2a: Zamazenta",
      "|-boost|p2a: Zamazenta|def|2",
      "|",
      "|-weather|SunnyDay|[upkeep]",
      "|upkeep"
    ],
    "21": [
      "|",
      "|move|p1a: Venusaur|Sludge Bomb|p2a: Zamazenta",
      "|-damage|p2a: Zamazenta|46/100",
      "|-damage|p1a: Venusaur|8/100|[from] item: Life Orb",
      "|move|p2a: Zamazenta|Body Press|p1a: Venusaur",
      "|-resisted|p1a: Venusaur",
      "|-damage|p1a: Venusaur|0 fnt",
      "|faint|p1a: Venusaur",
      "|",
      "|-weather|SunnyDay|[upkeep]",
      "|-heal|p2a: Zamazenta|52/100|[from] item: Leftovers",
      "|upkeep",
      "|",
      "|switch|p1a: Ninetales|Ninetales, M|76/100"
    ],
    "22": [
      "|",
      "|-terastallize|p1a: Ninetales|Ghost",
      "|move|p2a: Zamazenta|Body Press|p1a: Ninetales",
      "|-immune|p1a: Ninetales",
      "|move|p1a: Ninetales|Encore|p2a: Zamazenta",
      "|-start|p2a: Zamazenta|Encore",
      "|",
      "|-weather|SunnyDay|[upkeep]",
      "|-heal|p2a: Zamazenta|58/100|[from] item: Leftovers",
      "|upkeep"
    ],
    "23": [
      "|",
      "|switch|p2a: Hydreigon|Hydreigon, M|82/100",
      "|move|p1a: Ninetales|Will-O-Wisp|p2a: Hydreigon",
      "|-status|p2a: Hydreigon|brn",
      "|",
      "|-weather|SunnyDay|[upkeep]",
      "|-heal|p2a: Hydreigon|88/100 brn|[from] item: Leftovers",
      "|-damage|p2a: Hydreigon|82/100 brn|[from] brn",
      "|upkeep"
    ],
    "24": [
      "|",
      "|switch|p1a: Slither Wing|Slither Wing|60/100",
      "|-activate|p1a: Slither Wing|ability: Protosynthesis",
      "|-start|p1a: Slither Wing|protosynthesisatk",
      "|move|p2a: Hydreigon|Substitute|p2a: Hydreigon",
      "|-start|p2a: Hydreigon|Substitute",
      "|-damage|p2a: Hydreigon|57/100 brn",
      "|",
      "|-weather|none",
      "|-end|p1a: Slither Wing|Protosynthesis",
      "|-heal|p2a: Hydreigon|63/100 brn|[from] item: Leftovers",
      "|-damage|p2a: Hydreigon|57/100 brn|[from] brn",
      "|upkeep"
    ],
    "25": [
      "|",
      "|move|p1a: Slither Wing|U-turn|p2a: Hydreigon",
      "|-supereffective|p2a: Hydreigon",
      "|-crit|p2a: Hydreigon",
      "|-end|p2a: Hydreigon|Substitute",
      "|",
      "|-end|p1a: Slither Wing|Protosynthesis|[silent]",
      "|switch|p1a: Walking Wake|Walking Wake|72/100|[from] U-turn",
      "|move|p2a: Hydreigon|Draco Meteor|p1a: Walking Wake",
      "|-supereffective|p1a: Walking Wake",
      "|-damage|p1a: Walking Wake|0 fnt",
      "|-unboost|p2a: Hydreigon|spa|2",
      "|faint|p1a: Walking Wake",
      "|-end|p1a: Walking Wake|Protosynthesis|[silent]",
      "|",
      "|-heal|p2a: Hydreigon|63/100 brn|[from] item: Leftovers",
      "|-damage|p2a: Hydreigon|57/100 brn|[from] brn",
      "|upkeep",
      "|",
      "|switch|p1a: Slither Wing|Slither Wing|60/100"
    ],
    "26": [
      "|",
      "|move|p1a: Slither Wing|U-turn|p2a: Hydreigon",
      "|-supereffective|p2a: Hydreigon",
      "|-damage|p2a: Hydreigon|0 fnt",
      "|faint|p2a: Hydreigon",
      "|",
      "|-end|p1a: Slither Wing|Protosynthesis|[silent]",
      "|switch|p1a: Ninetales|Ninetales, M, tera:Ghost|76/100|[from] U-turn",
      "|-weather|SunnyDay|[from] ability: Drought|[of] p1a: Ninetales",
      "|",
      "|-weather|SunnyDay|[upkeep]",
      "|upkeep",
      "|",
      "|switch|p2a: Thundurus|Thundurus-Therian, M|100/100"
    ],
    "27": [
      "|",
      "|switch|p2a: Zamazenta|Zamazenta|58/100",
      "|switch|p1a: Slither Wing|Slither Wing|60/100",
      "|-activate|p1a: Slither Wing|ability: Protosynthesis",
      "|-start|p1a: Slither Wing|protosynthesisatk",
      "|",
      "|-weather|SunnyDay|[upkeep]",
      "|-heal|p2a: Zamazenta|64/100|[from] item: Leftovers",
      "|upkeep"
    ],
    "28": [
      "|",
      "|move|p1a: Slither Wing|Close Combat|p2a: Zamazenta",
      "|-damage|p2a: Zamazenta|0 fnt",
      "|-unboost|p1a: Slither Wing|def|1",
      "|-unboost|p1a: Slither Wing|spd|1",
      "|faint|p2a: Zamazenta",
      "|",
      "|-weather|SunnyDay|[upkeep]",
      "|upkeep",
      "|",
      "|switch|p2a: Thundurus|Thundurus-Therian, M|100/100"
    ],
    "29": [
      "|",
      "|move|p1a: Slither Wing|Close Combat|p2a: Thundurus",
      "|-resisted|p2a: Thundurus",
      "|-damage|p2a: Thundurus|36/100",
      "|-unboost|p1a: Slither Wing|def|1",
      "|-unboost|p1a: Slither Wing|spd|1",
      "|move|p2a: Thundurus|Tera Blast|p1a: Slither Wing",
      "|-damage|p1a: Slither Wing|0 fnt",
      "|faint|p1a: Slither Wing",
      "|-end|p1a: Slither Wing|Protosynthesis|[silent]",
      "|",
      "|-weather|SunnyDay|[upkeep]",
      "|upkeep",
      "|",
      "|switch|p1a: Ninetales|Ninetales, M, tera:Ghost|76/100"
    ],
    "30": [
      "|-message|GoodlilDeino forfeited.",
      "|",
      "|win|Loyd09"
    ]
  }
}