{
  "id": "gen9ou-2359089495",
  "format": "[Gen 9] OU",
  "players": [
    "shadow glass 227",
    "waaarren"
  ],
  "pre_battle": [
    "|player|p1|shadow glass 227|aaron|1070",
    "|player|p2|waaarren|nate|1070",
    "|teamsize|p1|6",
    "|teamsize|p2|6",
    "|gen|9",
    "|tier|[Gen 9] OU",
    "|clearpoke",
    "|teampreview",
    "|",
    "|start",
    "|switch|p1a: Corphish|Corphish, M|100/100",
    "|switch|p2a: Haxorus|Haxorus, M, shiny|100/100",
    "|-ability|p2a: Haxorus|Mold Breaker",
    "|player|p2|",
    "|player|p1|"
  ],
  "turns": {
    "1": [
      "|",
      "|move|p2a: Haxorus|Dragon Dance|p2a: Haxorus",
      "|-boost|p2a: Haxorus|atk|1",
      "|-boost|p2a: Haxorus|spe|1",
      "|move|p1a: Corphish|Knock Off|p2a: Haxorus",
      "|-damage|p2a: Haxorus|51/100",
      "|-enditem|p2a: Haxorus|Focus Sash|[from] move: Knock Off|[of] p1a: Corphish",
      "|",
      "|upkeep"
    ],
    "2": [
      "|",
      "|move|p2a: Haxorus|Dragon Dance|p2a: Haxorus",
      "|-boost|p2a: Haxorus|atk|1",
      "|-boost|p2a: Haxorus|spe|1",
      "|move|p1a: Corphish|Knock Off|p2a: Haxorus",
      "|-crit|p2a: Haxorus",
      "|-damage|p2a: Haxorus|3/100",
      "|",
      "|upkeep"
    ],
    "3": [
      "|",
      "|switch|p1a: Aipom|Aipom, M|100/100",
      "|move|p2a: Haxorus|Dragon Claw|p1a: Aipom",
      "|-crit|p1a: Aipom",
      "|-damage|p1a: Aipom|0 fnt",
      "|faint|p1a: Aipom",
      "|",
      "|upkeep",
      "|",
      "|switch|p1a: Corphish|Corphish, M|100/100"
    ],
    "4": [
      "|",
      "|move|p1a: Corphish|Aqua Jet|p2a: Haxorus",
      "|-resisted|p2a: Haxorus",
      "|-damage|p2a: Haxorus|0 fnt",
      "|faint|p2a: Haxorus",
      "|",
      "|upkeep",
      "|",
      "|switch|p2a: Serperior|Serperior, M|100/100"
    ],
    "5": [
      "|",
      "|switch|p1a: Sceptile|Sceptile, M|100/100",
      "|move|p2a: Serperior|Leaf Storm|p1a: Sceptile",
      "|-resisted|p1a: Sceptile",
      "|-damage|p1a: Sceptile|68/100",
      "|-boost|p2a: Serperior|spa|2",
      "|",
      "|upkeep"
    ],
    "6": [
      "|",
      "|-terastallize|p1a: Sceptile|Flying",
      "|move|p1a: Sceptile|Swords Dance|p1a: Sceptile",
      "|-boost|p1a: Sceptile|atk|2",
      "|move|p2a: Serperior|Leaf Storm|p1a: Sceptile",
      "|-resisted|p1a: Sceptile",
      "|-damage|p1a: Sceptile|5/100",
      "|-boost|p2a: Serperior|spa|2",
      "|-enditem|p1a: Sceptile|Sitrus Berry|[eat]",
      "|-heal|p1a: Sceptile|30/100|[from] item: Sitrus Berry",
      "|",
      "|upkeep"
    ],
    "7": [
      "|",
      "|switch|p2a: Lanturn|Lanturn, M|100/100",
      "|move|p1a: Sceptile|Acrobatics|p2a: Lanturn",
      "|-resisted|p2a: Lanturn",
      "|-damage|p2a: Lanturn|44/100",
      "|",
      "|-heal|p2a: Lanturn|50/100|[from] item: Leftovers",
      "|upkeep"
    ],
    "8": [
      "|",
      "|move|p1a: Sceptile|Leaf Blade|p2a: Lanturn",
      "|-supereffective|p2a: Lanturn",
      "|-damage|p2a: Lanturn|0 fnt",
      "|faint|p2a: Lanturn",
      "|",
      "|upkeep",
      "|",
      "|switch|p2a: Infernape|Infernape, M|100/100"
    ],
    "9": [
      "|",
      "|move|p2a: Infernape|Mach Punch|p1a: Sceptile",
      "|-resisted|p1a: Sceptile",
      "|-damage|p1a: Sceptile|5/100",
      "|move|p1a: Sceptile|Acrobatics|p2a: Infernape",
      "|-supereffective|p2a: Infernape",
      "|-damage|p2a: Infernape|0 fnt",
      "|faint|p2a: Infernape",
      "|",
      "|upkeep",
      "|",
      "|switch|p2a: Darkrai|Darkrai|100/100"
    ],
    "10": [
      "|",
      "|move|p1a: Sceptile|Acrobatics|p2a: Darkrai",
      "|-enditem|p2a: Darkrai|Focus Sash",
      "|-damage|p2a: Darkrai|1/100",
      "|replace|p2a: Zoroark|Zoroark-Hisui, M",
      "|-end|p2a: Zoroark|Illusion",
      "|move|p2a: Zoroark|Dark Pulse|p1a: Sceptile",
      "|-damage|p1a: Sceptile|0 fnt",
      "|faint|p1a: Sceptile",
      "|",
      "|upkeep",
      "|",
      "|switch|p1a: Pikachu|Pikachu, M|100/100"
    ],
    "11": [
      "|",
      "|move|p2a: Zoroark|Shadow Ball|p1a: Pikachu",
      "|-damage|p1a: Pikachu|0 fnt",
      "|faint|p1a: Pikachu",
      "|",
      "|upkeep",
      "|",
      "|switch|p1a: Corphish|Corphish, M|100/100"
    ],
    "12": [
      "|",
      "|switch|p2a: Serperior|Serperior, M|100/100",
      "|move|p1a: Corphish|Aqua Jet|p2a: Serperior",
      "|-resisted|p2a: Serperior",
      "|-damage|p2a: Serperior|85/100",
      "|",
      "|upkeep"
    ],
    "13": [
      "|",
      "|switch|p1a: Torkoal|Torkoal, M|100/100",
      "|move|p2a: Serperior|Leaf Storm|p1a: Torkoal",
      "|-resisted|p1a: Torkoal",
      "|-damage|p1a: Torkoal|70/100",
      "|-boost|p2a: Serperior|spa|2",
      "|",
      "|-heal|p1a: Torkoal|76/100|[from] item: Leftovers",
      "|upkeep"
    ],
    "14": [
      "|",
      "|move|p2a: Serperior|Leaf Storm|p1a: Torkoal",
      "|-resisted|p1a: Torkoal",
      "|-damage|p1a: Torkoal|17/100",
      "|-boost|p2a: Serperior|spa|2",
      "|move|p1a: Torkoal|Stealth Rock|p2a: Serperior",
      "|-sidestart|p2: waaarren|move: Stealth Rock",
      "|",
      "|-heal|p1a: Torkoal|23/100|[from] item: Leftovers",
      "|upkeep"
    ],
    "15": [
      "|",
      "|move|p2a: Serperior|Leaf Storm|p1a: Torkoal",
      "|-resisted|p1a: Torkoal",
      "|-damage|p1a: Torkoal|0 fnt",
      "|-boost|p2a: Serperior|spa|2",
      "|faint|p1a: Torkoal",
      "|",
      "|upkeep",
      "|",
      "|switch|p1a: Glalie|Glalie, M|100/100"
    ],
    "16": [
      "|",
      "|move|p1a: Glalie|Freeze-Dry|p2a: Serperior",
      "|-supereffective|p2a: Serperior",
      "|-damage|p2a: Serperior|38/100",
      "|move|p2a: Serperior|Frenzy Plant|p1a: Glalie",
      "|-damage|p1a: Glalie|0 fnt",
      "|-mustrecharge|p2a: Serperior",
      "|faint|p1a: Glalie",
      "|",
      "|upkeep",
      "|",
      "|switch|p1a: Corphish|Corphish, M|100/100"
    ],
    "17": [
      "|",
      "|cant|p2a: Serperior|recharge",
      "|move|p1a: Corphish|Knock Off|p2a: Serperior",
      "|-damage|p2a: Serperior|2/100",
      "|-enditem|p2a: Serperior|Miracle Seed|[from] move: Knock Off|[of] p1a: Corphish",
      "|",
      "|upkeep"
    ],
    "18": [
      "|",
      "|move|p2a: Serperior|Leaf Storm|p1a: Corphish",
      "|-supereffective|p1a: Corphish",
      "|-damage|p1a: Corphish|0 fnt",
      "|faint|p1a: Corphish",
      "|",
      "|win|waaarren"
    ]
  }
}